2030 3266
825 274 1086 313 —3-

179 389 292 429 enim
338 388 549 431 vindemia
591 395 657 432 est
698 390 818 431 finita
858 391 1027 443 iamque
1068 395 1270 436 sementis
1309 379 1564 439 autumnalis
1596 398 1724 450 facta,

178 459 323 510 itaque
374 461 516 502 nescio
570 460 721 511 quibus
768 462 927 503 mensis
976 462 1223 506 Posideonis
1273 465 1422 508 diebus
1436 466 1464 518 1)
1511 468 1725 520 agricolae

180 530 468 581 vinitoresque
520 543 544 572 a
589 531 757 573 Baccho
810 536 853 573 et
903 532 1082 575 Phalete
1134 534 1437 579 fecunditatem
1487 538 1725 590 implorant.

181 599 325 651 Neque
368 613 468 642 vero
514 601 646 642 sacris
691 602 834 656 solis'-')
881 603 958 644 hos
1006 604 1107 646 deos
1155 606 1392 655 celebrant,
1446 609 1521 649 sed
1567 609 1724 651 Bacchi

182 683 355 712 munere
386 671 478 723 ipso
500 672 686 714 libenter
717 673 916 714 fruuntur
937 674 1185 726 laetitiaque
1208 677 1448 720 exultantes
1470 679 1572 720 iocis
1598 680 1726 721 ludis-

181 753 262 792 que
293 754 340 783 se
373 741 543 783 dedunt.
593 743 745 786 Patres
778 750 919 787 autem
947 745 1132 788 familias
1155 759 1302 789 cenam
1322 748 1496 800 opipare
1518 755 1727 801 apparant

179 811 282 864 (162
316 817 359 853 et
393 811 506 865 169),
547 826 571 854 a
604 825 685 864 qua
723 825 777 854 ne
809 814 996 855 invocati
1028 814 1197 865 quidem
1230 816 1446 869 convivae,
1487 817 1522 858 si
1555 818 1622 868 qui
1658 817 1726 859 ad-

182 883 368 934 veniunt,
404 883 734 937 secluduntur³³).
783 883 919 933 Quam
951 884 1004 925 ad
1037 897 1184 927 cenam
1217 890 1263 927 ut
1295 891 1365 928 eat
1398 886 1500 939 (169
1523 900 1582 939 sq.
1587 896 1615 942 ),
1648 888 1728 929 hac

180 954 324 995 fabula
366 955 540 996 ineunte
572 955 804 1007 agricolam
837 955 1055 1008 quendam,
1099 957 1166 998 cui
1199 957 1415 999 Chremeti
1448 970 1598 1000 nomen
1632 971 1727 1000 esse

181 1025 461 1076 comperimus
507 1024 623 1079 (75),
681 1025 847 1067 domum
894 1027 1142 1068 redeuntem
1190 1027 1393 1069 videmus.
1456 1028 1727 1081 Quantopere

179 1104 316 1138 autem
353 1097 628 1149 obstupescit,
662 1109 754 1138 cum
787 1096 1083 1138 Menedemum
1115 1097 1300 1140 vicinum
1330 1099 1410 1140 hoc
1442 1099 1551 1140 festo
1585 1099 1653 1142 die
1684 1100 1725 1141 in

180 1179 282 1218 agro
314 1167 579 1209 laborantem
611 1167 829 1219 conspicit,
883 1166 1016 1220 Quem
1049 1168 1217 1219 quidem
1250 1169 1462 1210 hominem
1495 1181 1589 1212 esse
1622 1170 1726 1211 satis

180 1238 441 1290 singularem
476 1237 631 1278 dudum
664 1238 878 1290 cognitum
909 1238 1054 1289 habet,
1089 1251 1181 1280 cum
1215 1251 1309 1281 eum
1342 1240 1534 1290 quamvis
1566 1240 1728 1282 divitiis

180 1390 287 1421 1110115
307 1390 453 1421 domum
473 1396 700 1432 sequeretur,
722 1389 794 1421 nisi
815 1400 953 1421 morem
973 1390 1121 1422 illarum
1136 1390 1311 1422 feriarum
1326 1391 1551 1432 agendarum
1566 1391 1646 1434 ipsa
1665 1402 1727 1423 no-

181 1449 305 1489 visset,
328 1449 425 1490 quod
440 1448 493 1480 ita
513 1459 593 1481 esse
608 1449 665 1480 vel
685 1448 768 1480 inde
793 1455 955 1491 apparet,
974 1449 1072 1491 quod
1086 1447 1246 1482 Militem
1264 1449 1371 1482 illum
1390 1450 1485 1492 (733)
1504 1450 1625 1492 ipsum
1640 1461 1728 1492 quo·

181 1518 251 1549 que
268 1508 384 1540 Halas
400 1507 520 1540 abisse
536 1517 608 1539 non
623 1507 783 1548 ignorat.
823 1507 941 1546 Quam
960 1508 1005 1539 ob
1026 1518 1103 1539 rem
1121 1508 1386 1541 Kretschmaro
1402 1510 1425 1542 1.
1441 1520 1468 1541 s.
1487 1520 1521 1551 p.
1544 1510 1587 1541 58
1605 1520 1727 1541 assen-

181 1567 242 1599 tiri
267 1578 342 1599 non
367 1577 530 1609 possum,
558 1566 632 1608 qui,
658 1577 741 1598 cum
769 1566 1032 1598 Wilamowitzi
1058 1567 1147 1608 (Der
1172 1567 1389 1599 Landmann
1416 1568 1478 1600 des
1505 1567 1728 1599 Menandros

180 1626 218 1658 in
243 1626 375 1658 Annal.
403 1625 528 1668 philol.
556 1636 640 1659 nov.
666 1626 726 1657 ΙΙΙ
752 1625 876 1668 (1899)
904 1636 938 1667 p.
965 1625 1034 1657 526
1061 1632 1096 1658 et
1122 1626 1307 1665 Legrandi
1332 1627 1354 1658 1.
1382 1637 1409 1659 s.
1436 1638 1470 1669 p.
1489 1627 1557 1658 355
1585 1637 1728 1659 senten-

182 1685 271 1717 tiam
296 1685 504 1727 impugnat,
530 1684 777 1717 Menandrum
795 1685 912 1717 Halas
938 1684 1205 1726 Araphenidas,
1233 1695 1325 1727 quae
1353 1685 1510 1717 sedecim
1528 1685 1602 1717 fere
1629 1685 1729 1717 milia

182 1755 360 1787 passuum
387 1744 561 1776 afuerunt
586 1744 631 1776 ab
658 1744 760 1784 urbe,
793 1743 831 1775 in
857 1743 978 1775 animo
1005 1743 1180 1776 habuisse
1206 1749 1341 1776 censet.
1381 1744 1462 1783 Qua
1487 1744 1530 1776 de
1556 1755 1594 1776 re
1620 1744 1729 1777 velim

182 1815 279 1836 nunc
312 1803 479 1835 conferas
506 1803 763 1844 KVilamowitz,
796 1803 871 1835 Der
902 1803 1104 1835 Menander
1128 1814 1201 1835 von
1227 1802 1341 1835 Kairo
1373 1803 1411 1834 in
1444 1803 1577 1836 Annal.
1604 1803 1729 1845 philol.

181 1874 264 1896 nov.
292 1863 386 1894 XXI
412 1862 530 1905 (1908)
556 1873 590 1904 p.
617 1862 662 1893 49
689 1873 745 1894 an.
773 1862 804 1893 2.

300 1921 440 1961 Quodsi
458 1920 567 1952 huius
585 1920 784 1961 fragmenti
803 1930 931 1952 versus
957 1931 1039 1952 cum
1060 1919 1291 1952 Terentiams
1312 1931 1577 1963 comparamus,
1605 1920 1729 1952 statim

182 1987 333 2023 apparet
352 1979 566 2012 Terentium
585 1980 782 2011 verborum
802 1979 1025 2011 Graecorum
1045 1989 1194 2010 sensum
1213 1978 1360 2011 omnino
1387 1986 1471 2021 apte
1491 1979 1729 2021 expressisse,

182 2050 405 2082 quamquain
431 2049 497 2081 pro
524 2043 775 2080 spectatorum
801 2038 1051 2070 Romanorum
1075 2037 1224 2077 ingenio
1251 2048 1325 2070 non
1349 2037 1468 2070 solum
1487 2048 1640 2070 scaenae
1658 2038 1728 2070 loci

183 2109 316 2131 nomen
355 2097 490 2136 omisit,
524 2098 588 2130 sed
623 2097 733 2129 etiam
764 2107 822 2129 res
856 2097 901 2128 ad
927 2096 1132 2128 Menedemi
1166 2096 1321 2128 fundum
1347 2096 1556 2129 accuratius
1583 2097 1729 2128 demon-

184 2158 376 2190 strandum
394 2157 619 2200 pertinentes
638 2157 673 2197 (4
690 2167 768 2198 sqq.
792 2156 867 2189 Kal
891 2160 959 2189 τῶν
976 2154 1090 2200 Ἁλῆσι
1110 2158 1252 2201 χωρίων
1275 2156 1278 2198 Ι
1301 2156 1524 2202 κεκτημένος
1547 2154 1729 2189 κάλλιστον

184 2215 225 2256 εἷ,
260 2215 300 2261 νὴ
333 2214 392 2249 τὸν
419 2218 498 2252 Δία,
528 2217 532 2258 ἱ
557 2213 595 2248 ἐν
623 2219 695 2252 τοῖς
722 2217 834 2260 τρισίν
859 2227 899 2258 γε
929 2216 989 2247 καὶ
1017 2227 1053 2247 το
1078 2212 1358 2260 μακαριώτατον
1381 2215 1384 2255 Ι
1408 2214 1589 2256 ἄστικτον)
1608 2214 1729 2246 verbis

183 2277 305 2308 colore
339 2274 519 2315 singulari
554 2284 706 2316 prorsus
733 2274 945 2306 carentibus
978 2273 1123 2305 rettulit
1149 2273 1208 2314 (63
1236 2283 1289 2315 sq.
1315 2273 1357 2304 In
1386 2273 1442 2304 his
1468 2272 1683 2313 regionibus
1706 2281 1710 2314 1

182 2335 369 2366 meliorem
396 2344 526 2375 agrum
552 2343 670 2375 neque
695 2332 790 2375 preti
817 2332 966 2364 maioris
985 2343 1091 2364 nemo
1119 2332 1254 2373 habet).

302 2406 326 2442 ¹)
344 2405 422 2437 Has
442 2404 580 2436 Bacchi
598 2403 709 2436 ferias
728 2403 825 2435 sicut
842 2403 1003 2445 reliquas
1024 2402 1276 2444 compluribus
1295 2402 1423 2434 diebus
1442 2402 1604 2434 Graecos
1622 2413 1730 2443 agere

184 2465 313 2497 solitos
340 2474 421 2496 esse
446 2463 556 2495 huius
574 2463 691 2505 ipsius
709 2463 857 2495 fabulae
883 2462 1033 2503 negotio
1060 2461 1096 2493 in
1123 2461 1215 2493 duos
1242 2460 1318 2493 dies
1337 2461 1547 2502 distributo,
1575 2470 1730 2502 quorum

183 2531 338 2565 uterque
377 2530 434 2555 est
471 2523 588 2554 festus
622 2522 704 2563 (162
739 2526 775 2554 et
802 2521 894 2562 733),
930 2520 1177 2553 confirmatur.

302 2588 326 2629 ²)
353 2588 407 2620 De
438 2587 551 2619 sacris
586 2593 622 2619 et
653 2597 797 2630 pompa,
831 2597 924 2628 quae
951 2585 1097 2628 quidem
1126 2584 1395 2626 Aristophanes
1428 2585 1518 2616 Ach.
1549 2584 1615 2615 241
1651 2595 1729 2625 sqq.

184 2653 456 2687 commemorat,
482 2647 551 2678 hac
576 2646 615 2679 in
639 2646 766 2677 fabula
792 2645 844 2677 nil
870 2644 1017 2677 omnino
1045 2643 1302 2686 comperimus.

300 2709 326 2753 3)
354 2712 481 2753 Neque
520 2710 615 2744 enim
650 2710 861 2751 Menander,
896 2720 979 2741 cum
1018 2708 1177 2750 Clitipho
1210 2714 1314 2750 patre
1346 2707 1460 2738 inscio
1500 2717 1534 2738 et
1576 2707 1730 2739 Cliniam

185 2771 333 2802 domum
358 2770 509 2802 inducat
535 2775 570 2802 et
596 2769 673 2801 eius
692 2768 846 2801 amicam
873 2773 1044 2807 arcessat,
1072 2767 1177 2799 cuius
1203 2765 1349 2798 nomine
1376 2765 1532 2797 Bacchis
1559 2765 1731 2797 meretrix

185 2829 230 2860 ad
268 2839 394 2861 cenam
429 2828 586 2869 ducitur,
623 2827 730 2860 aliter
764 2827 909 2859 videtur
935 2826 1093 2858 sensisse
1126 2831 1237 2867 atque
1270 2825 1379 2856 Plato
1407 2824 1517 2856 Conv.
1549 2825 1624 2865 174,
1657 2835 1729 2866 quo

185 2888 264 2919 loco
287 2887 456 2919 Socrates
483 2898 566 2920 cum
583 2886 818 2919 Aristodemo
844 2885 1015 2917 invocato
1041 2884 1079 2916 in
1099 2883 1307 2925 Agathonis
1334 2883 1545 2915 convivium
1572 2883 1683 2915 venit.

1482 2943 1518 2973 1*
