2030 3266
127 756 146 767 a

808 286 1065 324 -9-

815 401 959 443 Actus
991 401 1057 441 II.

285 494 348 535 Sc.
382 495 402 535 l
445 493 718 547 (230-2411
781 494 863 536 Sed
910 495 1030 546 quasi
1078 495 1441 537 demonstraturus
1485 509 1530 540 se
1572 498 1709 549 ipsum

166 576 261 605 esse
292 565 504 606 hominem
535 565 662 616 longe
684 565 980 617 miserrimum,
1015 565 1151 606 Clinia
1175 567 1294 607 domo
1319 568 1526 620 proruitl)
1549 580 1709 608 sumnia

167 634 464 676 sollicitatione
496 634 688 687 affectus,
724 636 833 687 quod
866 636 979 677 servi
1003 648 1096 677 cum
1119 637 1253 677 amica
1274 637 1457 678 nondum
1480 638 1710 679 redierunt.

286 704 349 746 Sc.
381 705 425 746 Π
457 704 731 758 (342-380).
784 706 951 748 Adsunt
980 707 1104 748 servi.
1157 707 1301 758 Neque
1324 720 1424 749 vero
1448 709 1711 759 Antiphilam

168 787 308 817 secum
354 776 523 829 ducunt,
568 776 694 818 immo
727 776 872 830 Syrus,
916 777 1169 828 Clitiphonis
1203 790 1367 831 servus,
1411 778 1572 819 Cliniae
1605 779 1712 819 Dro-

168 857 331 887 monem
364 847 557 899 remittit,
591 848 659 898 qui
692 848 938 889 mulieribus
960 848 1045 889 illis
1074 848 1180 890 satis
1202 849 1417 900 impeditis
1441 849 1608 890 obviam
1631 854 1712 901 eat,

168 929 271 968 quas
310 917 351 957 in
385 918 659 969 colloquendo
692 918 953 970 reliquerint.
1015 918 1125 971 Quin
1157 919 1369 961 Dromone
1402 919 1590 971 profecto
1623 919 1713 972 ipse

168 987 388 1029 mulierum
421 990 589 1030 turbam
623 989 823 1030 maiorem
847 1001 942 1031 esse
975 1002 1118 1031 secum
1140 994 1322 1042 reputat,
1357 1003 1482 1041 quam
1504 995 1551 1031 ut
1574 990 1714 1031 facere

168 1058 315 1110 possit,
357 1059 455 1109 quin
490 1072 536 1101 se
569 1060 684 1101 senis
716 1060 849 1112 ipsius
882 1061 1085 1102 miserere
1118 1060 1379 1113 profiteatur,
1419 1061 1485 1102 cui
1517 1066 1606 1101 tota
1643 1061 1713 1101 illa

168 1129 327 1169 familia
358 1130 604 1181 recipienda
637 1130 743 1182 sit'2).
800 1131 1111 1172 Adulescentes
1152 1131 1315 1172 scilicet
1345 1131 1442 1182 quid
1474 1131 1578 1172 mira
1611 1131 1714 1172 haec

168 1199 280 1240 (11013
313 1200 394 1241 sihi
427 1201 574 1252 velint,
605 1213 687 1242 non
724 1202 993 1254 intellegunt,
1027 1202 1110 1243 nisi
1132 1201 1241 1243 forte
1263 1203 1485 1254 Antiphila
1514 1202 1716 1243 meretrix

169 1269 281 1311 facta
317 1278 395 1323 est,
435 1284 573 1322 neque
612 1272 762 1313 mirum
802 1280 879 1323 est,
924 1271 1032 1323 quod
1072 1272 1222 1324 Clinia,
1265 1273 1330 1313 cui
1362 1272 1446 1313 iam
1480 1272 1715 1313 certissima

169 1353 264 1382 esse
291 1342 397 1383 haec
420 1355 488 1383 res
514 1342 693 1394 videtur,
726 1355 886 1384 summo
910 1343 1053 1384 dolore
1077 1342 1270 1384 afficitur.
1320 1342 1438 1391 Quod
1465 1342 1594 1394 Syrus
1624 1354 1716 1383 cum

170 1412 365 1463 senserit,
410 1413 553 1453 statim
595 1426 688 1455 cum
732 1426 780 1455 eo
825 1414 1105 1455 communicat
1137 1413 1403 1465 Antiphilam
1442 1425 1579 1464 neque
1622 1424 1717 1454 esse

170 1490 425 1535 corruptam,
459 1496 615 1536 neque,
657 1484 765 1535 quod
797 1485 891 1535 ipsa
930 1484 1054 1525 alteri
1087 1484 1254 1525 mulieri
1286 1484 1329 1524 in
1361 1485 1430 1525 via
1463 1484 1716 1529 narraverit,

171 1565 296 1593 auum
319 1553 436 1594 illam
460 1554 736 1606 Corinthiam,
771 1568 877 1606 quae
901 1561 1075 1596 mortem
1111 1555 1262 1596 obierit
1296 1554 1397 1607 (269
1422 1562 1540 1605 sqq.),
1574 1554 1718 1605 genui-

169 1625 408 1666 113111γο1115
455 1631 636 1667 matrem
685 1623 873 1677 fuisse²³).
958 1626 1060 1666 Cum
1114 1637 1212 1666 vcro
1254 1625 1502 1676 Antiphilae
1545 1624 1717 1666 vivendi

290 1754 316 1796 ¹)
345 1754 442 1786 Satis
478 1754 568 1786 scite
601 1759 712 1796 poeta
739 1754 878 1786 Cliniae
912 1754 1023 1786 animi
1051 1754 1185 1785 affectu
1211 1753 1342 1793 utitur,
1375 1760 1415 1784 ut
1442 1764 1524 1784 eum
1556 1753 1594 1784 111
1621 1762 1718 1784 scae-

171 1823 255 1844 nam
282 1813 402 1853 ducat,
430 1813 467 1844 in
494 1824 566 1855 qua
593 1813 709 1845 servis
736 1812 1018 1844 advenientibus
1045 1820 1214 1844 versetur
1241 1822 1391 1844 necesse
1418 1819 1484 1845 est.

289 1869 316 1914 2)
343 1872 388 1904 Et
420 1883 463 1904 ex
495 1873 564 1904 hoc
597 1877 633 1904 et
665 1883 708 1904 ex
736 1872 798 1903 illo
833 1873 924 1913 1000,
962 1882 1034 1913 quo
1069 1872 1185 1912 Syrus
1221 1882 1257 1903 se
1285 1870 1505 1902 Bacchidem
1541 1871 1719 1902 adducere

171 1931 260 1963 dicit
291 1932 398 1973 (311),
432 1931 778 1964 Herrmanowskius
815 1932 837 1962 l.
865 1942 892 1962 s.
920 1942 953 1973 p.
980 1931 1023 1962 23
1058 1941 1233 1973 apparere
1268 1937 1403 1969 censet,
1442 1940 1651 1971 „reversum
1678 1940 1720 1961 ex

173 1990 264 2022 urbe
291 1990 423 2031 Syrum
462 1990 514 2022 ita
549 2001 587 2022 se
613 2001 751 2032 gerere,
787 1990 891 2032 quasi
924 2000 981 2021 res
1014 1990 1110 2021 inter
1138 1989 1367 2021 Chremetem
1400 1995 1435 2019 et
1467 1988 1720 2020 adulescentes

172 2049 280 2090 plane
319 2049 586 2090 convenisset-⁴,
627 2049 725 2091 quod
758 2060 884 2080 verum
918 2059 998 2081 esse
1038 2059 1144 2080 nemo
1178 2058 1265 2079 sane
1300 2054 1421 2088 negat.
1473 2047 1601 2089 Neque
1635 2057 1720 2079 vero

172 2107 319 2140 fabulae
356 2108 498 2149 vitium,
532 2109 630 2150 quod
663 2107 1009 2140 Herrmanowskius
1044 2108 1215 2149 appellat,
1254 2105 1340 2138 huic
1374 2106 1426 2138 rei
1466 2106 1570 2146 inest,
1610 2105 1720 2137 immo

174 2166 263 2208 ipsis
291 2166 373 2207 Syri
394 2167 516 2199 verbis
544 2177 707 2199 summae
735 2167 908 2199 audaciae
934 2166 1052 2209 plenis
1071 2165 1181 2197 huius
1209 2176 1363 2197 scaenae
1381 2165 1721 2207 interpretationem

173 2225 351 2268 imprimis
377 2237 457 2258 esse
484 2226 706 2258 fulciendam
732 2231 788 2258 est
813 2225 1059 2257 manifestum.

291 2283 320 2327 3)
345 2285 491 2317 Dixerit
517 2285 596 2327 quis
625 2285 677 2317 nil
704 2284 852 2316 omnino
880 2285 925 2316 ad
952 2291 1211 2325 argumentum
1238 2283 1504 2315 absolvendum
1529 2282 1724 2325 pertinere.

176 2344 273 2385 quod
299 2343 412 2385 Syrus
445 2355 556 2377 anum
582 2344 683 2376 illam
710 2343 938 2376 Corinthiam
966 2348 1121 2375 matrem
1151 2342 1361 2384 Antiphilae
1392 2352 1466 2373 11011
1492 2341 1606 2372 fuisse
1633 2351 1723 2372 111111-

175 2403 252 2443 tiet,
280 2403 390 2435 immo
422 2404 521 2435 haud
547 2403 622 2435 scio
656 2414 702 2435 an
729 2404 863 2444 Syrum
894 2403 932 2434 in
958 2402 1157 2443 exemplari
1183 2401 1324 2433 Graeco
1351 2400 1581 2442 Antiphilam
1615 2400 1723 2431 Chre-

175 2462 281 2494 metis
317 2473 396 2494 esse
423 2462 535 2495 filiam
566 2462 640 2494 iani
667 2462 818 2494 scivisse
844 2466 961 2504 putet,
995 2461 1093 2502 quod
1127 2471 1214 2492 sane
1240 2461 1441 2492 Roetterus
1468 2460 1490 2491 l.
1518 2470 1546 2491 s
1573 2469 1606 2500 p.
1636 2460 1655 2489 9
1682 2468 1724 2489 ex

175 2526 254 2553 toto
293 2522 376 2562 Syri
415 2521 570 2554 consilio
608 2521 718 2553 nimis
760 2521 834 2553 fere
874 2520 1005 2553 audaci
1043 2520 1237 2552 conclusit.
1289 2519 1360 2550 Sed
1392 2519 1461 2550 1100
1489 2518 1530 2549 de
1567 2519 1647 2549 loeo
1674 2517 1725 2548 ita

178 2579 412 2613 iudicandum
444 2591 524 2613 esse
556 2587 598 2613 ut
630 2581 674 2612 de
706 2581 818 2612 verbo
853 2579 1066 2622 propediem
1101 2578 1379 2621 interpretando
1412 2577 1473 2609 t'cf.
1501 2587 1613 2618 supra
1644 2587 1677 2617 p.
1706 2577 1724 2607 Ξ)

177 2649 234 2670 311.
261 2640 295 2682 2)
325 2640 573 2672 certissimum
599 2646 666 2674 est.
705 2639 774 2671 His
801 2638 897 2672 enim
914 2638 1036 2671 verbis
1064 2648 1105 2672 ea
1131 2648 1169 2669 re
1196 2636 1398 2669 rectissime
1425 2635 1601 2677 probatis,
1629 2634 1726 2676 quod

178 2697 372 2740 aptissima
407 2704 494 2731 sunt
532 2699 578 2732 ad
613 2698 768 2731 Cliniam
807 2698 1083 2737 consolandum,
1122 2696 1256 2738 quippe
1292 2696 1353 2737 qui
1379 2694 1554 2734 timuerit,
1589 2704 1633 2725 ne
1662 2704 1727 2735 per

177 2759 272 2790 hanc
302 2759 421 2800 ipsam
452 2764 604 2791 matrem
642 2757 759 2790 amica
797 2762 894 2789 esset
927 2760 1102 2797 corrupta
1132 2755 1216 2796 (233
1249 2765 1302 2796 sq.
1331 2753 1474 2793 „Mater
1499 2752 1633 2794 quoius
1659 2753 1726 2784 sub

177 2817 369 2859 imperiost
386 2818 493 2858 mala,
516 2821 520 2859 Ι
544 2817 632 2860 quoi
658 2816 710 2848 nil
735 2816 810 2848 iam
828 2819 975 2858 praeter
992 2815 1151 2857 pretium
1170 2814 1361 2854 dulcest“)‚
1390 2812 1504 2853 Syrus
1532 2810 1726 2843 scitissime

178 2877 372 2908 consilium
407 2887 516 2908 suum
547 2879 757 2918 praeparat.
806 2875 900 2907 Nam
925 2873 1006 2906 fieri
1034 2884 1141 2915 posse
1168 2872 1317 2912 indicat,
1352 2876 1393 2903 ut
1419 2870 1612 2913 Antiphila
1638 2870 1727 2902 civis
