2030 3266
789 276 1077 317 „35—

282 381 385 434 lain⁴
416 398 570 446 restat,
623 397 669 434 ut
716 405 1036 446 cognoscamus,
1097 402 1385 448 congruantne
1438 410 1530 440 cum
1577 400 1704 440 rebus

162 464 282 504 modo
322 464 494 505 statutis
526 464 658 506 verba
690 475 752 516 ea,
801 476 908 515 quae
940 465 1166 507 Terentius
1191 466 1284 518 ipse
1316 468 1479 521 prologi
1511 469 1705 512 versibus

163 533 276 573 4-6
311 534 362 576 (16
394 534 518 575 huius
550 533 721 576 fabulae
753 534 1056 585 compositione
1089 535 1201 577 facit.

272 605 342 667 ‘Ac
364 604 544 656 primum
565 604 733 655 quidem
757 616 923 646 versum
945 605 970 644 4
997 605 1089 658 „Ex
1115 606 1284 659 integra
1306 607 1472 650 Graeca
1493 610 1705 662 integram

162 674 419 716 comoediam
461 674 501 724 (5
542 674 668 716 hodie
706 687 797 716 sum
836 679 1007 717 acturus
1039 676 1580 734 Hautontimorumenon)“‚
1625 693 1705 732 quo

163 745 407 787 Terentium
453 744 563 785 hanc
609 744 794 786 fabulam
842 757 925 786 non
967 757 1062 788 esse
1106 748 1433 790 contaminatam
1491 751 1706 802 expressis

162 815 304 857 verbis
338 815 478 857 dicere
501 820 757 857 censuerunt
771 815 811 866 1)‚
844 816 1033 858 breviter
1053 816 1155 859 licet
1177 818 1409 861 absolvere.
1452 818 1706 863 Skutschius

162 885 274 927 enim
311 890 531 937 postquam
574 890 617 928 et
648 885 683 926 F
687 885 825 940 abia‘2)
866 892 910 928 et
941 886 1171 929 Nencinius
1208 888 1233 929 l.
1267 901 1297 930 s.
1331 902 1368 941 p.
1401 890 1455 931 66
1495 897 1538 932 et
1573 892 1658 934 Leo
1671 889 1704 945 3)

162 956 274 998 viam
316 956 599 1008 muniverunt,
642 956 701 997 nil
744 968 793 998 eo
832 956 914 998 dici
953 957 1034 999 nisi
1066 970 1218 1000 novam
1250 959 1360 1001 hanc
1392 972 1487 1002 esse
1518 961 1704 1003 fabulam

164 1027 469 1068 dilucidissime
517 1026 843 1076 demonstravit,
897 1039 1034 1078 neque
1086 1029 1279 1071 omnibus
1323 1031 1439 1072 vocis
1484 1032 1700 1085 „integer“

161 1098 367 1149 exemplis
400 1098 669 1139 Terentianis
713 1098 965 1139 examinatis
1008 1099 1051 1139 in
1095 1099 1221 1141 dubio
1259 1101 1449 1154 reliquit,
1496 1103 1594 1154 quin
1636 1103 1706 1145 hic

161 1180 311 1210 versus
343 1170 403 1209 ita.
429 1168 660 1210 vertendus
693 1169 762 1221 sit,
795 1173 841 1210 ut
872 1169 963 1220 ipse
994 1169 1098 1211 fecit
1129 1171 1272 1212 verbis
1304 1172 1422 1214 hisce
1455 1171 1498 1226 (1.
1521 1186 1552 1215 s.
1585 1186 1621 1224 p.
1644 1173 1704 1228 4):

165 1240 279 1292 „Aus
327 1239 465 1281 eineni
513 1240 843 1282 uniibersetzten
888 1239 1240 1294 Griechischen⁴)
1288 1242 1356 1283 ein
1403 1243 1511 1284 noch
1559 1244 1704 1285 unauf-

161 1309 384 1362 gefuhrtes
416 1308 751 1364 Lateinisches⁵)
784 1309 958 1352 Stuck“.

279 1383 366 1422 Iam
406 1393 498 1422 cuni
531 1393 658 1422 versu
696 1381 841 1432 quinto
883 1381 941 1422 nil
980 1381 1185 1423 afferatur
1223 1383 1305 1424 nisi
1336 1383 1506 1426 fabulae
1537 1398 1702 1439 nomen,

162 1453 213 1494 ad
239 1457 404 1494 sextum
441 1452 637 1504 „Duplex
661 1464 768 1503 quae
791 1464 842 1493 ex
864 1460 1116 1506 argumento
1137 1453 1252 1495 facta
1276 1458 1342 1496 est
1364 1455 1569 1506 6111191161ιι
1583 1455 1615 1510 6)
1638 1462 1705 1498 est

161 1569 304 1611 probat,
325 1568 434 1610 quod,
460 1573 503 1600 ut
528 1568 735 1610 exemplum
753 1568 961 1610 afferamus,
989 1568 1191 1601 Nencinius
1213 1580 1256 1602 ex
1276 1570 1319 1603 fr.
1340 1570 1399 1602 inc
1419 1572 1487 1603 586
1505 1572 1551 1613 K,
1572 1573 1706 1616 quippe

162 1639 234 1670 quo
259 1628 302 1659 de
329 1626 539 1669 Clitiphone
566 1627 724 1669 quodam
750 1628 863 1659 verba
888 1627 990 1667 fiant,
1016 1628 1114 1660 hune
1141 1628 1414 1662 adulescentem
1440 1631 1538 1673 apud
1556 1631 1706 1664 Menan-

162 1688 267 1720 drum
278 1686 381 1730 prius
397 1697 418 1718 a
432 1686 728 1718 deambulatione
745 1686 809 1718 illa
823 1686 1020 1718 revertisse
1035 1697 1145 1728 quam
1160 1687 1257 1730 apud
1268 1688 1481 1721 Terentium
1495 1690 1681 1723 concludit
1691 1691 1706 1722 ἶ)

306 1745 332 1785 ¹)
358 1744 449 1778 Post
481 1744 717 1786 Lessingium
751 1744 789 1776 in
819 1745 944 1777 Dram.
971 1746 1103 1779 Hamb.
1130 1757 1207 1789 cap.
1233 1747 1277 1779 87
1304 1746 1482 1789 imprimis
1515 1748 1706 1791 Dziatzko,

162 1805 215 1837 De
240 1805 346 1846 proll.
373 1805 496 1836 Plaut.
523 1809 560 1836 et
586 1804 680 1845 Ter.,
707 1803 804 1837 Diss.
832 1804 983 1836 Bonnae
1012 1805 1100 1837 1863
1125 1816 1160 1848 p.
1187 1806 1218 1836 8.

303 1862 332 1906 2)
358 1863 428 1895 Les
454 1863 654 1906 prologues
682 1863 724 1895 de
751 1863 923 1904 Terence,
949 1863 1034 1895 Lut.
1061 1863 1180 1896 Paris.
1209 1865 1298 1896 1888
1324 1876 1358 1908 p.
1386 1866 1441 1897 20.

302 1922 330 1965 3)
356 1923 536 1954 Analecta
561 1922 683 1954 Plaut.
710 1922 759 1963 II,
787 1922 953 1963 Gotting.
984 1923 1072 1954 1898
1098 1933 1132 1965 p.
1159 1923 1203 1954 22
1230 1934 1282 1965 sq.

300 1981 328 2024 4)
357 1981 479 2013 Schol.
499 1981 626 2014 Bemb.
654 1981 708 2014 ed.
729 1981 984 2023 Umpfenbach
1003 1981 1040 2013 in
1058 1981 1183 2014 Herm.
1203 1982 1243 2014 II
1260 1983 1383 2025 (1867)
1402 1994 1436 2025 p.
1455 1983 1543 2017 363:
1562 1983 1708 2026 integra

161 2041 317 2073 Graeca:
345 2051 366 2072 a
390 2041 493 2072 nullo
519 2040 710 2073 translata.

302 2097 329 2143 5)
357 2099 478 2131 Schol.
506 2099 631 2131 Bemb.
654 2099 819 2141 supplev.
841 2098 1070 2131 Studemund
1088 2099 1125 2131 iu
1143 2100 1275 2131 Annal.
1296 2100 1456 2132 fleckeis.
1477 2101 1566 2134 XIV
1585 2102 1706 2144 (1868)

161 2170 195 2202 p.
223 2159 307 2191 555:
335 2168 488 2191 novam:
514 2157 552 2189 in
578 2158 725 2199 s(caena
750 2157 912 2189 nondum
938 2157 1080 2200 vis)am.

303 2214 330 2260 6)
358 2216 502 2250 Codicis
540 2216 708 2248 Bembini
739 2216 960 2258 scripturam
994 2216 1316 2260 „Duplex-duplici
1353 2218 1464 2261 (man.
1503 2229 1574 2252 rec.
1614 2230 1706 2251 corr.

161 2276 353 2319 simplici)“
388 2286 486 2308 nunc
520 2275 630 2307 etiam
657 2285 879 2317 quemquam
910 2275 1073 2318 recipere
1099 2276 1159 2308 vix
1185 2281 1303 2319 putes,
1330 2288 1413 2309 611111
1441 2278 1484 2310 de
1509 2278 1574 2310 illa
1598 2278 1707 2310 metri

162 2335 390 2377 difficultate,
425 2345 519 2376 quae
550 2335 731 2367 vocabulo
765 2334 902 2377 duplici
934 2346 1008 2367 non
1034 2335 1201 2378 creticae,
1229 2337 1293 2369 sed
1319 2336 1574 2379 anapaestieae
1609 2348 1707 2369 111611-

162 2404 269 2427 surae
295 2394 402 2435 inest,
424 2393 585 2426 dubitari
602 2393 674 2426 iam
691 2404 765 2425 non
785 2393 915 2436 possit.
943 2393 1051 2434 Quod
1070 2398 1192 2427 tamen
1211 2395 1473 2428 Stadthausius
1497 2395 1565 2439 (De
1585 2397 1706 2438 prolo-

161 2453 218 2494 gis
236 2453 445 2485 fabularum
471 2452 739 2494 plautinarum,
772 2452 901 2493 Progr.
927 2452 1150 2495 Friedeberg
1176 2453 1257 2486 Nm.
1288 2455 1376 2486 1906
1403 2465 1436 2497 p.
1462 2455 1484 2486 8
1511 2455 1580 2497 sq.)
1606 2454 1706 2495 facit,

163 2512 237 2554 qui,
256 2523 339 2544 cum
356 2511 521 2554 prologis
539 2511 723 2543 Plautinis
742 2522 890 2554 operam
916 2512 987 2554 det,
1014 2511 1051 2543 in
1077 2512 1172 2544 hane
1192 2513 1418 2545 comoediam
1436 2513 1574 2553 incidit,
1601 2512 1706 2544 euius

160 2571 355 2614 prologum
384 2582 404 2603 a
429 2571 656 2602 Dziatzkone
681 2570 719 2602 in
745 2570 1003 2603 dissertatione
1030 2581 1207 2614 perprave
1233 2571 1443 2604 mutilatum
1477 2582 1556 2603 esse
1583 2571 1706 2605 sentit.

161 2630 293 2671 Itaque
307 2640 390 2662 cum
399 2630 436 2662 in
451 2629 615 2662 ordinem
631 2640 714 2661 eum
724 2640 804 2662 esse
817 2630 1059 2670 redigendum
1069 2634 1228 2672 censeat,
1243 2641 1288 2662 116
1302 2641 1376 2662 una
1387 2630 1532 2672 quidem
1543 2630 1705 2662 virorum

163 2689 355 2721 doctorum
381 2689 565 2722 sententia
590 2693 769 2732 respecta,
797 2699 889 2731 quae
917 2700 1026 2731 quam
1053 2690 1202 2722 crebrae
1227 2689 1311 2722 inde
1338 2700 1358 2721 a
1378 2689 1606 2721 Dziatzkone
1623 2699 1705 2731 pro-

163 2749 259 2780 latae
287 2747 372 2789 sint,
397 2748 506 2781 facile
532 2759 575 2780 ex
593 2748 733 2789 Meyeri
756 2747 1015 2780 dissertatione
1034 2758 1250 2789 cognoscas,
1267 2758 1414 2780 versum
1434 2747 1603 2789 quintum
1620 2752 1707 2790 post

164 2812 307 2840 sextum
339 2806 454 2849 ponit,
490 2807 588 2849 quod
614 2811 769 2849 quartus
796 2817 879 2838 cum
917 2811 1021 2839 sexto
1048 2806 1233 2839 artissime
1260 2807 1468 2848 cohaereat,
1496 2806 1627 2839 deinde
1652 2806 1705 2838 ita

163 2867 262 2897 hunc
307 2866 428 2897 locum
480 2866 762 2908 interpretatur:
814 2865 922 2908 „Eine
967 2876 1082 2906 ganze
1124 2865 1326 2897 Komoedie
1369 2876 1462 2907 ganz
1505 2866 1599 2898 nach
1641 2865 1705 2897 der

1451 2924 1493 2956 3*
