2030 3266
884 260 1174 301 „54-

268 380 568 428 commovetur,
604 380 648 417 ut
681 365 838 419 inscius
861 381 994 420 totum
1018 391 1202 420 errorem
1230 379 1439 431 instituat,
1474 392 1567 421 cum
1595 379 1725 420 filium
1747 392 1811 422 re-

269 446 415 488 ducem
448 447 669 489 retinendo
703 448 856 490 misero
879 449 1016 491 vicino
1050 454 1217 501 gratum
1249 449 1391 492 facere
1414 454 1543 501 putet.
1592 448 1812 492 Simillime

268 522 407 558 autem
440 517 483 558 in
507 518 669 559 Andria
692 518 953 561 Menandrea
985 531 1054 561 res
1088 532 1134 561 se
1166 520 1309 572 habet,
1343 533 1424 572 qua
1456 520 1499 561 in
1531 519 1688 572 fabula,
1719 532 1812 562 cum

268 599 389 629 nemo
428 600 530 630 sane
564 587 811 641 Glycerium
843 590 1067 641 primarias
1099 594 1245 642 partes
1277 595 1425 632 tenere
1458 590 1627 642 dixerit,
1669 594 1812 632 tamen

270 658 407 700 omnia
459 658 510 700 ad
564 671 656 701 eam
709 666 904 711 spectare
947 673 1069 702 nemo
1116 661 1295 713 ignorat.
1365 662 1523 714 Quodsi
1566 661 1658 713 quis
1701 661 1815 703 dicat

268 728 393 780 longe
426 729 551 771 aliter
583 742 677 772 esse
719 730 762 771 in
798 730 953 771 fabulis
993 731 1067 783 eis,
1112 743 1287 781 quarum
1324 731 1461 773 titulis
1504 737 1550 773 ut
1592 731 1815 773 Hautonti-

272 800 503 842 morumeni
537 813 695 841 morum
730 801 935 851 quaedam
971 801 1255 852 proprietates
1286 801 1539 855 indicentur,
1572 814 1625 844 ne
1658 802 1699 843 id
1728 802 1815 853 qui-

272 869 364 911 dem
380 882 519 912 rerum
536 871 706 912 veritati
721 871 962 922 respondet.
988 871 1207 913 Menandri
1226 872 1337 913 enim
1351 872 1544 915 (olacem
1561 872 1814 926 inspicias¹)‚

271 953 351 991 qua
393 941 433 981 in
477 941 634 992 fabula,
680 946 879 992 quantum
919 941 1087 992 quidem
1130 954 1182 984 ex
1214 942 1406 984 frustulis
1444 956 1603 996 papyro
1637 943 1816 994 quadam

269 1023 404 1062 nuper
441 1012 669 1053 memoriae
707 1011 887 1053 redditis
926 1013 1123 1065 cognosci
1163 1016 1315 1065 potest,
1358 1013 1551 1056 Colacem
1583 1014 1651 1055 vel
1689 1014 1816 1055 Para-

269 1081 409 1134 situm,
453 1082 645 1132 quamvis
688 1095 866 1135 magnas
909 1083 1046 1135 egerit
1090 1088 1246 1136 partes,
1289 1089 1431 1126 tamen
1475 1085 1696 1136 primarias
1735 1096 1815 1125 non

270 1152 459 1194 tenuisse
492 1153 807 1203 apert1ssimum
840 1152 964 1207 est2).

386 1222 535 1274 ltaque
578 1236 631 1264 ne
685 1224 808 1266 titulo
858 1224 1027 1275 quidem
1075 1228 1206 1267 totam
1256 1225 1365 1267 hanc
1415 1225 1601 1268 fabulam
1644 1225 1817 1267 Terenti

273 1293 441 1335 nomine
474 1294 676 1335 traditam
709 1295 781 1336 11111
813 1295 937 1337 unius
962 1300 1114 1347 poetae
1137 1296 1312 1338 consilio
1335 1296 1524 1339 tribuere
1546 1296 1820 1349 prohibemur

272 1364 295 1403 i.
320 1376 352 1405 e.
388 1364 612 1406 Menandri
644 1366 793 1418 ipsius,
828 1366 936 1418 quod
970 1372 1221 1419 argumento
1253 1367 1344 1419 ipso
1376 1379 1460 1409 non
1493 1367 1584 1409 niso
1610 1367 1690 1408 nisi
1715 1379 1819 1408 cena

271 1435 343 1476 illa
367 1435 622 1487 Dionysiaca
656 1437 894 1479 rectissime
927 1437 1210 1489 confirmatur,
1246 1451 1327 1489 qua
1359 1450 1464 1480 cena
1495 1438 1692 1490 neglecta
1725 1437 1819 1489 Syri

276 1506 493 1547 consilium
526 1507 853 1549 audacissimum
886 1509 1232 1560 petulantiaeque
1265 1509 1424 1550 Bacchi
1465 1509 1584 1551 feriis
1623 1507 1820 1560 dignissi-

274 1589 366 1618 mae
410 1577 580 1628 plenum
623 1579 693 1621 vel
736 1579 922 1620 fabulam
974 1580 1108 1631 ipsam
1158 1580 1199 1620 in
1251 1580 1371 1622 binos
1414 1579 1504 1621 dies
1548 1579 1820 1620 distributam

273 1647 440 1688 omnino
472 1648 667 1701 intellegi
699 1662 781 1691 non
815 1662 940 1702 posse
973 1651 1257 1703 cognovimus.
1310 1650 1454 1692 Talem
1489 1657 1629 1692 autem
1663 1661 1821 1691 comoe-

275 1718 385 1759 diam
419 1732 467 1761 ea
502 1728 642 1761 mente
666 1732 760 1762 esse
783 1721 997 1773 scriptam,
1023 1727 1068 1762 111
1090 1721 1309 1774 Dionysiis
1338 1721 1423 1762 illis
1446 1721 1688 1773 agrestibus
1717 1720 1821 1771 ipsis

276 1795 476 1841 ageretur
508 1791 859 1833 verisimillimum
893 1797 971 1844 est,
1007 1804 1099 1834 cum
1132 1792 1383 1844 praesertim
1416 1803 1551 1834 novae
1583 1790 1822 1834 comoediae

278 1866 426 1912 poetae
468 1861 508 1901 in
556 1861 718 1903 deliciis
758 1863 945 1904 habeant
983 1864 1042 1904 ita
1080 1876 1168 1904 rem
1201 1863 1440 1914 instituere,
1483 1867 1528 1903 ut
1561 1861 1708 1904 eodem
1740 1861 1821 1912 die,

278 1944 355 1982 quo
397 1931 540 1973 fabula
580 1934 674 1983 ipsa
706 1934 748 1974 in
781 1946 936 1975 scaena
970 1940 1200 1987 spectetur,
1242 1933 1483 1986 argumenti
1515 1933 1664 1974 turbae
1697 1937 1823 1982 atque

277 2015 442 2044 errores
487 2003 589 2045 fiant
606 2003 648 2057 ⁵²).
716 2004 866 2056 Itaque
911 2005 1393 2047 Hautontimorumeuon
1435 2003 1737 2046 Menandream
1779 2002 1823 2043 111

396 2144 424 2186 1>
449 2144 704 2184 Kretsclunar7
733 2146 755 2177 l.
783 2156 810 2179 s
837 2157 870 2188 p.
899 2146 942 2177 63
970 2158 1048 2188 sqq.

396 2203 423 2245 ²)
452 2203 504 2235 Cf.
532 2204 618 2243 Leo,
660 2204 793 2236 Nachr.
833 2205 865 2236 d.
903 2204 1025 2237 Goett.
1066 2205 1149 2237 Ges.
1184 2205 1215 2238 d.
1243 2205 1300 2237 W.
1330 2204 1420 2235 1903
1462 2214 1495 2245 p.
1531 2203 1599 2234 673
1635 2212 1725 2243 sqq.3
1762 2200 1825 2242 qui

280 2266 459 2304 quantum
486 2262 564 2295 fieri
591 2262 723 2304 potuit,
751 2263 834 2295 huis
860 2264 1008 2296 fabulae
1036 2268 1296 2305 argumentum
1321 2261 1510 2295 restruxit.

396 2319 425 2363 3)
453 2321 505 2354 Cf.
526 2322 706 2353 Dziatzko
733 2322 771 2354 in
796 2322 891 2355 Mus.
913 2323 1031 2356 Rhen.
1058 2323 1142 2354 LIV
1168 2322 1292 2364 (1899)
1318 2332 1352 2364 p.
1371 2321 1440 2353 504
1467 2331 1523 2354 an.
1546 2321 1565 2352 5
1593 2324 1630 2352 et
1654 2318 1825 2359 Legrand

281 2381 302 2412 l.
330 2392 356 2412 s.
383 2391 417 2422 p.
444 2381 525 2419 356,
564 2380 626 2422 qui
664 2380 743 2423 ipse
780 2392 925 2423 quoque
959 2382 1053 2414 hanc
1086 2381 1250 2413 fabulam
1276 2381 1449 2412 Aexonae
1476 2389 1556 2411 esse
1583 2379 1729 2410 doctam
1757 2376 1825 2408 sibi

280 2439 475 2481 persuasit,
512 2450 736 2481 quamquam
763 2440 860 2482 quod
886 2440 1124 2482 praecipuum
1157 2444 1265 2482 putat
1291 2442 1560 2479 argumentum,
1594 2434 1827 2478 comprobari

282 2509 353 2529 non
385 2503 520 2540 potest.
573 2498 706 2531 Censet
742 2499 838 2531 enim
865 2499 1107 2531 Menandrum
1134 2499 1255 2531 verbis
1286 2498 1359 2530 illis
1394 2495 1434 2530 ἐν
1462 2501 1533 2534 τοῖς
1561 2497 1673 2542 τρισίν
1699 2507 1740 2539 γε
1768 2494 1826 2535 (cf.

281 2568 392 2599 supra
417 2569 451 2600 p.
470 2559 490 2589 2
518 2569 575 2590 an.
598 2560 630 2599 1)
658 2564 778 2591 certos
805 2570 914 2601 agros
942 2559 1047 2591 Halis
1075 2559 1166 2591 sitos
1192 2557 1408 2600 respexisse,
1440 2566 1532 2598 quae
1551 2554 1697 2596 quidem
1715 2554 1828 2586 verba

281 2627 324 2648 ne
342 2623 431 2648 tunc
446 2618 622 2660 temporis
644 2618 890 2650 Athenienses
909 2618 979 2661 ipsi
1000 2617 1145 2660 quidem
1167 2617 1381 2658 intellegere
1399 2614 1600 2659 potuerint.
1643 2613 1714 2645 Sed
1733 2613 1826 2644 tales

281 2675 454 2708 minutias
493 2687 715 2719 quemquam
754 2682 948 2720 poetarum
987 2676 1225 2718 antiquorum
1263 2675 1306 2708 ad
1333 2685 1455 2707 rerum
1489 2678 1659 2705 naturam
1686 2681 1826 2704 accom—

282 2734 461 2776 modasse,
504 2742 545 2768 ut
584 2737 729 2769 credam
768 2748 788 2769 a
825 2747 882 2769 me
919 2736 1116 2779 impetrare
1154 2745 1227 2767 non
1264 2744 1426 2777 possum>
1487 2733 1618 2773 Itaque
1659 2730 1826 2772 equidem

283 2793 570 2827 Reitzensteinio
598 2796 872 2828 assentiendum
899 2806 979 2828 esse
1006 2795 1176 2834 arbitror⁷
1204 2793 1267 2836 qui
1293 2794 1383 2825 haec
1409 2791 1521 2824 verba
1547 2788 1828 2833 proverbialiter

283 2862 361 2884 esse
388 2853 486 2886 dicta
512 2855 620 2888 ducit.
