2030 3266
776 275 1066 312 -Π-

150 392 404 434 Bacchidem
447 403 590 434 secum
631 391 840 433 adducere
874 389 1002 442 (311),
1047 392 1168 442 quasi
1212 392 1556 443 procacissimam
1587 391 1697 432 hanc

150 462 435 504 adulescentis
458 463 636 503 amicam
668 461 720 503 ad
742 462 878 513 ipsius
911 462 1046 513 patris
1076 474 1225 503 cenam
1248 474 1343 504 esse
1367 462 1600 504 ducendam
1621 473 1697 513 per

150 545 194 574 se
217 533 493 582 intellegatur
506 532 551 586 1).
598 532 769 574 Profert
792 532 904 574 enim
928 531 1212 584 Clitiphonem
1235 532 1306 573 diu
1328 545 1351 573 a
1375 544 1421 574 se
1443 532 1696 584 postulasse,

152 609 197 645 ut
238 604 319 645 sibi
360 607 607 655 argentum,
649 603 758 654 quod
803 603 965 644 amicae
1007 603 1220 654 pollicitus
1262 610 1389 655 esset,
1434 607 1700 654 compararet

152 673 250 714 (322
290 675 409 725 sqq.),
448 686 557 715 nunc
596 673 688 715 fieri
727 685 864 726 posse,
905 678 950 714 ut
988 673 1081 715 sine
1119 677 1235 714 metu
1267 673 1377 725 apud
1409 678 1574 725 patrem
1606 684 1699 714 cum

127 757 201 786 ‘ea
245 745 312 797 sit,
355 745 510 796 quippe
553 757 659 796 quae
693 744 855 786 Cliniae
897 744 1058 786 amicae
1098 744 1268 786 nomine
1300 744 1353 785 ad
1385 755 1532 785 cenam
1568 742 1701 794 possit

153 815 265 867 duci,
308 815 530 866 pecuniam
572 820 713 857 autem
757 827 803 856 se
842 815 990 857 eadem
1027 815 1097 856 via
1140 815 1411 856 inventurum
1444 826 1539 856 esse
1570 812 1702 865 (329).

154 886 237 927 Sed
269 885 499 937 Clitiphoni
532 898 783 937 quamquam
816 886 922 927 haec
952 898 1022 928 res
1054 886 1195 937 placet
1227 883 1356 938 (333),
1389 890 1531 926 tamen
1564 884 1701 925 omnia

154 956 277 997 nimis
335 957 500 998 incerta
561 963 688 1008 atque
741 957 980 1008 periculosa
1033 956 1243 998 videntur.
1323 956 1474 1007 Itaque
1529 966 1702 1006 prorsus

155 1027 206 1069 de
258 1027 371 1068 servi
423 1027 598 1069 consilio
651 1027 807 1069 certior
860 1027 952 1069 vult
992 1027 1108 1079 fieri,
1160 1039 1253 1068 cum
1306 1038 1401 1068 eum
1452 1027 1701 1075 interrogat,

155 1109 350 1148 quorsum
382 1098 424 1138 id
458 1102 636 1150 spectet,
671 1098 780 1149 quod
813 1097 1094 1149 Antiphilam,
1130 1109 1236 1148 quae
1259 1096 1421 1138 Cliniae
1455 1096 1589 1137 amica
1621 1095 1702 1136 iam

156 1168 237 1209 dici
280 1180 362 1209 non
408 1169 559 1220 possit,
608 1168 661 1209 ad
705 1173 885 1210 matrem
928 1168 1138 1210 abducere
1180 1168 1285 1210 velit
1333 1165 1503 1220 (335s2).
1573 1166 1704 1218 Syrus

157 1246 297 1280 autem
321 1239 391 1290 qui
415 1239 732 1281 adulescentem
753 1239 866 1280 hunc
888 1243 975 1280 tam
998 1238 1190 1279 timidum
1213 1238 1426 1289 animique
1448 1237 1702 1289 pendentem

157 1308 257 1355 (343
281 1309 387 1363 sqq.)
421 1310 683 1362 argumentis
707 1315 749 1351 et
771 1310 1006 1351 rationibus
1028 1314 1077 1349 ut
1099 1313 1264 1350 tantum
1285 1309 1518 1371 peniculum
1541 1309 1703 1349 subeat.

157 1382 325 1422 omnino
369 1380 521 1422 adduci
553 1392 636 1422 non
669 1393 794 1432 posse
826 1392 908 1421 non
941 1380 1125 1433 ignorat,
1157 1380 1255 1428 iam,
1297 1379 1450 1420 nedum
1484 1378 1704 1420 consilium

160 1464 279 1493 suum
311 1464 403 1492 cum
437 1464 484 1493 eo
517 1452 809 1503 communicet,
842 1456 889 1492 ut
920 1451 1208 1503 paedagogus,
1243 1450 1313 1501 qui
1346 1449 1596 1501 discipulum
1625 1448 1707 1489 sibi

160 1523 362 1564 resistere
394 1522 566 1563 minime
599 1523 715 1574 sinit,
749 1522 854 1562 satis
887 1521 1079 1563 breviter
1100 1521 1347 1573 respondet:
1385 1520 1605 1572 „Longum
1628 1524 1706 1569 est,

280 1686 305 1726 ¹)
332 1685 562 1725 Legrandius
597 1687 619 1717 l.
654 1697 681 1718 s.
708 1697 742 1728 p.
770 1686 837 1718 352
872 1696 1018 1718 servum
1051 1686 1168 1717 ullum
1201 1685 1281 1717 sola
1313 1683 1560 1716 adulescentis
1592 1683 1708 1725 impu-

162 1745 286 1777 dentia
317 1745 452 1777 fretum
486 1744 565 1777 eius
598 1745 827 1777 meretricem
860 1744 977 1787 ipsius
1016 1744 1134 1787 patris
1167 1744 1315 1775 domum
1349 1743 1481 1775 ducere
1512 1741 1710 1774 verisimile

163 1814 241 1836 esse
268 1812 390 1845 negat,
419 1808 530 1846 atque
555 1804 903 1836 Herrmanowskius
930 1803 952 1837 l.
981 1814 1008 1836 S.
1035 1814 1070 1845 p.
1097 1803 1140 1834 23
1166 1803 1258 1834 haec
1284 1802 1374 1834 facit
1398 1802 1527 1834 verba:
1557 1800 1710 1840 „Miram

163 1862 309 1904 quidem
343 1861 444 1894 illam
478 1862 784 1905 hospitalitatem,
827 1862 857 1894 si
890 1862 1075 1904 permissu
1108 1861 1206 1894 senis
1247 1860 1422 1893 meretrix
1457 1859 1608 1901 veniret,
1648 1859 1710 1891 sed

164 1922 411 1954 incredibilem
447 1922 625 1964 profecto,
659 1922 689 1953 si
721 1927 764 1954 ut
795 1922 832 1953 in
864 1926 994 1953 nostra
1020 1920 1209 1953 comoedia
1240 1920 1292 1960 fit,
1328 1919 1426 1951 senis
1460 1918 1567 1951 venia
1592 1928 1711 1960 neque

163 1981 279 2024 petita
311 1991 430 2023 neque
462 1981 549 2013 data
581 1982 669 2015 est.“
723 1981 794 2013 Sed
828 1986 961 2013 neuter
986 1991 1105 2022 neque
1132 1979 1215 2021 Syri
1241 1989 1361 2011 mores
1388 1976 1711 2020 petulantissimos

164 2051 282 2083 neque
309 2051 435 2072 cenam
462 2040 561 2072 illam
588 2040 851 2081 Dionysiacain
877 2039 1040 2082 respicit,
1067 2039 1112 2071 ad
1140 2049 1248 2080 quam
1276 2037 1468 2079 agendam,
1496 2047 1579 2068 cum
1606 2035 1711 2067 Anti-

165 2100 266 2142 phila
298 2110 383 2132 sene
416 2100 596 2141 probante
632 2105 853 2139 arcessatur,
889 2109 1018 2130 servus
1044 2097 1155 2130 huius
1183 2096 1337 2138 virginis
1364 2095 1512 2128 nomine
1537 2094 1712 2137 perfacile

168 2158 395 2191 meretricem
422 2158 524 2189 illam
551 2157 731 2190 adducere
749 2162 884 2200 potest.
911 2158 1043 2198 Itaque
1065 2167 1147 2188 cum
1166 2157 1237 2188 hoc
1257 2155 1352 2188 servi
1373 2154 1569 2187 consilium
1587 2164 1712 2196 quam-

167 2218 222 2250 vis
248 2228 404 2259 magnae
431 2216 650 2249 insolentiae
669 2218 818 2259 plenum
837 2215 928 2249 satis
950 2216 1176 2248 declaratum
1195 2214 1254 2254 sit,
1273 2225 1379 2246 nemo
1398 2224 1471 2245 non
1490 2213 1590 2245 videt
1604 2223 1714 2254 quam

169 2278 307 2309 insulse
340 2275 482 2318 Epidici
517 2275 683 2308 Plautini
714 2280 824 2317 poeta
856 2276 953 2307 hanc
978 2285 1055 2307 rem
1081 2285 1102 2306 a
1127 2273 1331 2306 Menandro
1358 2278 1434 2305 tam
1461 2272 1636 2304 audacter
1661 2271 1713 2302 in-

169 2342 314 2369 ventam
340 2335 507 2367 imitatus
534 2334 591 2377 sit,
628 2345 711 2367 cum
745 2345 893 2366 servum
925 2333 990 2365 filii
1022 2332 1253 2365 meretricem
1284 2342 1351 2374 pro
1387 2331 1470 2373 ipsa
1502 2330 1579 2362 filia
1617 2329 1714 2362 senis

169 2395 317 2427 domum
351 2394 584 2426 inducentem
626 2393 766 2428 fecerit.
827 2393 945 2433 Quam
980 2393 1026 2425 ob
1060 2402 1137 2424 rem
1171 2390 1395 2423 libentisime
1430 2388 1715 2421 VVilamowitzio

169 2454 235 2494 (De
262 2453 346 2486 trib.
374 2464 482 2485 carm.
510 2453 590 2485 Lat.
617 2452 654 2484 in
679 2452 764 2485 Jnd.
790 2453 874 2486 lect.
895 2451 1062 2493 Gotting.
1092 2451 1222 2493 1893s4
1241 2461 1275 2492 p.
1298 2450 1355 2489 15)
1376 2448 1631 2491 astipulamur,
1654 2447 1715 2488 qui

170 2514 222 2545 ita
246 2513 316 2544 hac
342 2513 385 2545 de
411 2512 538 2544 fabula
563 2511 720 2545 iudicat:
750 2511 1027 2551 „certissimum
1054 2515 1177 2542 autem
1203 2507 1397 2541 Menandri
1422 2511 1541 2539 morte
1560 2506 1715 2538 recenti-

173 2583 271 2604 orem
297 2571 487 2614 Epidicum
514 2590 556 2595 -—
585 2581 696 2612 quam
723 2570 786 2612 qui
814 2569 961 2612 scripsit
987 2588 1029 2593 —
1058 2570 1157 2600 ultra
1181 2567 1475 2599 mediocritatem
1502 2566 1605 2597 nulla
1622 2564 1660 2596 in
1677 2575 1715 2596 re

172 2641 210 2663 se
235 2630 411 2663 extollit.“

290 2698 317 2743 ²)
345 2701 453 2741 Quod
485 2699 833 2734 Herrmanowskius
866 2701 888 2731 l.
916 2710 944 2732 s.
976 2710 1011 2741 p.
1046 2699 1091 2730 26
1124 2698 1253 2730 scribit
1287 2696 1362 2738 „De
1389 2694 1603 2727 abducendo
1630 2704 1716 2725 vero

173 2761 218 2793 ad
243 2764 397 2793 matrem
422 2759 515 2792 mira
541 2764 596 2791 est
622 2758 842 2791 obscuritas.
886 2758 977 2790 Jure
1003 2756 1100 2788 enim
1127 2755 1318 2798 quaeritur
1343 2765 1418 2795 cur,
1447 2763 1616 2795 quorsuS,
1644 2763 1717 2794 quo

174 2819 330 2859 nomine,
367 2829 439 2860 quo
474 2818 583 2850 titulo
618 2818 688 2849 hoc
722 2817 797 2849 fiat.
846 2816 901 2847 De
935 2815 992 2847 his
1026 2814 1196 2847 omnibus
1222 2824 1288 2856 per
1312 2817 1430 2844 totam
1455 2811 1620 2843 fabulam
1646 2821 1719 2842 non

175 2879 403 2918 edocemur“,
430 2877 519 2909 haec
544 2877 657 2909 verba
682 2875 851 2918 pluribus
876 2874 1013 2906 reicere
1039 2884 1113 2905 non
1139 2872 1212 2905 iam
1238 2882 1331 2914 opus
1351 2876 1407 2903 est
1425 2870 1484 2914 (cf.
1503 2880 1537 2912 p.
1556 2870 1576 2901 9
1595 2880 1652 2902 an.
1672 2870 1719 2911 3).
