2030 3266
792 296 1080 336 „59-

164 414 356 457 Philemo
400 414 629 456 Charinum
683 414 816 467 patris
863 414 1102 469 opprobriis
1150 413 1378 455 adductum
1426 412 1602 454 amicam
1644 423 1708 454 re-

162 485 421 537 linquentem
457 483 588 526 facit?

282 555 441 609 Quodsi
463 555 702 606 quaerimus
725 554 837 596 sitne
868 554 1039 596 fabulae
1071 558 1113 596 et
1145 554 1254 596 actio
1284 566 1366 595 una
1398 560 1441 596 et
1472 565 1579 595 unus
1609 553 1709 595 acti-

164 626 256 668 onis
297 626 425 679 locus,
479 625 657 667 actionis
701 625 921 678 unitatem,
971 637 1077 677 quae
1132 625 1234 677 sola,
1287 628 1332 666 ut
1374 635 1623 675 unaquaque
1665 623 1708 664 in

165 696 308 738 fabula
326 697 551 739 observata
568 695 636 749 sit,
660 699 970 748 exspectamus,
994 707 1245 747 quamquam
1268 694 1446 747 duplicis
1470 694 1710 747 argumenti

165 766 364 809 nectendi
404 766 678 808 difficultates
717 766 985 819 superandae
1024 770 1159 817 erant,
1199 769 1324 817 poeta
1362 777 1464 806 sane
1506 764 1707 816 servavit,

165 842 211 879 ut
243 837 296 880 de
326 837 452 889 longo
478 837 550 879 illo
582 836 700 879 exitu
731 849 815 879 non
846 837 931 878 iam
963 836 1164 878 dicamus.

284 907 445 949 Locum
484 911 625 950 autem
667 911 800 949 totam
831 920 908 960 per
939 907 1126 949 fabulam
1159 919 1287 948 unum
1320 906 1582 957 eundemque
1615 917 1711 948 esse

167 978 301 1030 primo
341 979 490 1020 obtutu
529 982 720 1031 apparet.
789 978 936 1030 Neque
974 989 1074 1020 vero
1113 977 1233 1018 multi
1272 976 1437 1018 sudoris
1475 976 1607 1018 fuisse
1646 981 1713 1019 est

167 1048 444 1090 omittendum
483 1061 629 1092 omnes
668 1049 838 1091 fabulae
877 1060 1083 1100 personas
1121 1047 1330 1100 imprimis
1363 1047 1555 1099 Cliniam,
1593 1047 1712 1088 Anti·

167 1119 340 1172 philam,
390 1119 646 1161 Bacchidem
685 1118 753 1172 (cf.
792 1132 831 1172 p.
876 1118 936 1158 42
976 1118 1052 1171 sq.)
1094 1117 1395 1171 probabilitate
1447 1122 1614 1160 servata
1668 1118 1711 1159 in

168 1189 346 1232 eandem
378 1202 576 1232 scaenam
608 1190 772 1232 ducere.

288 1260 371 1302 Sed
403 1265 594 1312 tempore
627 1273 720 1303 eum
755 1261 860 1302 satis
893 1260 1027 1302 libere
1059 1259 1121 1301 uti
1152 1258 1251 1301 inde
1284 1259 1571 1311 cognoscitur,
1605 1259 1713 1310 quod

170 1343 301 1373 cenae
333 1331 617 1383 Dionysiacae
649 1331 790 1383 gratia
821 1335 956 1372 totum
988 1335 1284 1383 argumentum
1317 1330 1359 1371 in
1393 1330 1495 1371 duos
1519 1329 1609 1371 dies
1633 1329 1714 1370 dis-

169 1401 333 1454 tribuit,
373 1414 622 1453 quamquam
657 1401 765 1453 quod
797 1402 952 1443 attinet
983 1401 1035 1443 ad
1069 1400 1272 1453 temporis
1312 1400 1529 1452 unitatem,
1568 1404 1714 1451 poetas

171 1471 358 1514 Graecos
391 1484 529 1524 neque
561 1473 748 1526 tragicos
779 1484 917 1523 neque
950 1471 1130 1514 comicos
1163 1484 1346 1522 unquam
1379 1475 1537 1514 certam
1575 1471 1714 1523 legem

171 1555 266 1585 esse
310 1548 477 1585 secutos
521 1547 563 1585 et
604 1543 808 1597 Aeschyli
854 1545 1174 1594 Agamemnone
1217 1543 1391 1584 ineunte
1440 1548 1483 1584 et
1525 1541 1715 1593 (ss'aptivis

171 1612 355 1668 Plauti1)
399 1614 503 1655 satis
548 1614 830 1657 confirmatur.
903 1614 1147 1656 Permultae
1199 1618 1340 1655 autem
1385 1617 1428 1656 et
1471 1613 1629 1655 veteris
1674 1617 1717 1654 et-

171 1697 306 1726 novae
357 1684 598 1727 comoediae
647 1685 818 1727 fabulae
869 1689 968 1726 ante
1020 1685 1151 1726 solem
1200 1684 1408 1727 orientem
1456 1683 1717 1736 incipiuntur

171 1755 358 1808 (Amph,
400 1754 554 1809 Cure),
598 1756 708 1798 aliae
750 1756 849 1797 dum
890 1755 1068 1797 lucescit
1109 1754 1275 1808 (Merc,
1311 1753 1447 1807 Eua),
1491 1754 1600 1795 aliae
1639 1754 1715 1795 sub

173 1826 394 1868 meridiem
426 1826 550 1881 (Mil,
585 1827 636 1869 cf.
661 1826 714 1867 72
738 1839 882 1869 eamus
906 1826 956 1868 ad
981 1826 1117 1868 forum
1141 1826 1228 1868 scil.
1253 1824 1410 1878 ἀγορὰν
1433 1824 1715 1880 πλήθουσαν),

175 1896 249 1938 sed
282 1897 335 1938 ad
369 1910 493 1940 unam
527 1910 673 1940 omnes
706 1898 853 1940 eodem
877 1897 945 1938 die
968 1897 1259 1949 absolvuntur,
1285 1909 1363 1947 quo
1385 1896 1581 1948 inceptae
1608 1900 1716 1936 sunt.

290 1969 354 2009 Ac
385 1981 438 2010 ne
470 1969 511 2009 id
536 1968 704 2020 quidem
736 1974 887 2020 poetae
915 1968 1042 2010 inerti
1064 1968 1335 2010 tribuendum
1358 1979 1453 2009 esse
1477 1966 1718 2019 Legrandio

175 2039 377 2090 concedo,
419 2042 527 2090 quod
567 2040 804 2091 complures
844 2051 1024 2081 scaenae
1063 2039 1176 2080 intus
1216 2038 1431 2091 gerendae
1470 2049 1597 2079 causa
1635 2049 1717 2079 non

175 2114 323 2161 aperte
355 2110 540 2151 indicata
573 2111 650 2152 sub
684 2113 969 2161 spectatorum
995 2109 1136 2151 oculos
1160 2109 1423 2151 subiciuntur
1442 2106 1456 2159 (
1461 2120 1496 2159 p.
1524 2106 1578 2148 18
1601 2120 1654 2148 an
1681 2106 1717 2160 1,

174 2192 212 2231 p.
254 2178 306 2219 28
346 2193 411 2221 311.
455 2180 509 2232 2).
578 2180 711 2222 Immo
753 2180 908 2231 ubique
946 2184 1115 2232 poetam
1158 2185 1231 2221 aut
1272 2190 1547 2232 personarum
1590 2177 1719 2219 animi

174 2249 331 2292 affectu
373 2252 426 2302 (p.
460 2251 484 2291 9
518 2263 582 2292 an.
618 2250 655 2303 1,
701 2264 738 2303 p.
772 2249 826 2290 :23
866 2263 930 2292 an.
970 2250 1012 2304 2)
1050 2255 1123 2292 aut
1161 2250 1376 2302 expressis
1415 2249 1558 2291 verbis
1601 2260 1719 2301 egre-

175 2320 317 2363 diendi
351 2333 521 2363 causam
548 2326 646 2374 apte
679 2322 920 2364 declarasse
953 2321 1238 2375 cognovimus.

293 2393 472 2434 Accedit
504 2392 612 2444 quod
644 2405 785 2435 rerum
817 2405 951 2434 nexus
983 2405 1189 2443 nusquam
1228 2390 1552 2442 interrumpitur
1583 2401 1719 2440 neque

176 2474 330 2504 scaena
362 2476 497 2505 vacua
529 2464 784 2515 relinquitur
815 2463 896 2505 nisi
930 2466 1026 2505 actu
1060 2463 1200 2514 aliquo
1233 2461 1438 2503 absoluto.

293 2533 451 2585 Quodsi
491 2546 619 2576 verae
657 2534 897 2576 comoediae
941 2538 1008 2576 est
1045 2533 1227 2574 hominis
1269 2532 1487 2574 cuiusdam
1537 2530 1720 2572 indolem

178 2603 399 2645 ridiculam
440 2605 802 2657 cupiditatemque
848 2605 909 2645 ita
957 2603 1156 2655 derideri,
1200 2608 1246 2645 ut
1290 2602 1376 2653 ille,
1423 2614 1515 2643 cum
1561 2612 1721 2642 morum

177 2675 390 2726 pravitate
422 2687 468 2717 se
499 2676 591 2727 ipse
622 2675 758 2728 fallat,
792 2678 1056 2727 spectatores
1087 2673 1216 2715 simili
1249 2684 1392 2715 errore
1414 2672 1582 2724 liberet,
1616 2671 1722 2712 haec

178 2757 280 2787 vera
311 2752 377 2787 est
409 2745 634 2789 comoedia.

298 2898 322 2939 1)
351 2898 404 2931 Cf.
432 2898 589 2939 Schoell,
617 2898 758 2941 Captiv.
787 2897 871 2930 edit.
898 2907 932 2939 p.
959 2895 1049 2928 XVI
1076 2906 1133 2928 an.
1161 2896 1191 2927 2.
