2030 3266
918 253 1206 294 —48-

292 372 390 413 dum
424 378 579 423 utatur,
612 372 737 412 immo
767 371 989 423 Antiphila
1021 371 1166 424 agnita
1200 371 1252 412 ad
1286 382 1378 412 eam
1411 371 1662 423 ambagibus
1695 371 1837 413 missis

292 443 429 494 possit
451 454 685 494 recurrere,
719 454 799 493 qua
823 442 1039 484 Chremeti
1070 442 1166 494 ipsi,
1200 447 1245 482 ut
1268 454 1343 493 par
1365 449 1444 493 est,
1478 441 1700 492 pecuniam
1721 441 1837 483 illam

291 514 446 565 eripiat
479 511 581 565 (790
603 525 721 565 sqq.›‚
765 516 890 564 poeta
933 513 1044 554 hunc
1088 525 1230 555 senem
1271 512 1432 553 inducit
1472 512 1587 554 servi
1619 512 1838 554 consilium

291 585 335 625 in
367 583 553 626 vicinum
586 583 834 625 struendum
866 583 1161 635 repudiantem
1193 581 1297 635 (610
1329 589 1416 634 sq).

412 654 547 696 Simili
587 653 708 695 modo
746 653 931 704 reliquas
971 665 1040 694 res
1079 653 1174 695 illas
1213 653 1317 695 satis
1357 654 1594 707 singulares
1627 666 1719 695 cum
1751 658 1841 695 tota

295 725 466 766 fabulae
511 730 725 765 structura
757 724 985 765 coniunxit.
1048 723 1177 765 Velut
1209 723 1393 775 Clitipho
1434 723 1507 765 ille
1539 723 1718 765 stolidus
1750 735 1842 775 pro-

292 801 441 847 pterea
479 795 738 836 ambulatum
772 794 1004 835 mittendus
1045 798 1123 845 est,
1168 794 1290 846 quod,
1329 798 1374 835 ut
1407 799 1471 836 est
1510 794 1841 846 incautissimus,

291 866 597 919 probabilitate
651 871 823 906 servata
875 865 986 905 domi
1038 865 1204 906 versari
1254 864 1415 916 nequit,
1467 864 1563 906 dum
1620 865 1843 916 Antiphila

293 937 539 990 agnoscitur
581 947 872 986 summumque
915 935 1149 986 periculum
1192 941 1256 976 est
1295 935 1468 986 factum,
1513 947 1566 977 ne
1608 941 1695 977 tota
1728 935 1842 977 servi

294 1008 412 1049 fraus
445 1007 487 1048 in
520 1007 655 1048 lucem
688 1005 939 1058 proferatur.
989 1005 1124 1058 Quam
1156 1007 1208 1047 ob
1241 1017 1331 1048 rem
1363 1010 1487 1058 poeta
1510 1018 1610 1048 vero
1642 1006 1714 1048 illo
1743 1018 1843 1048 casu

294 1078 490 1120 scaenico
533 1074 767 1129 adhibito¹)
810 1088 892 1118 non
936 1076 1052 1127 prius
1095 1088 1190 1118 eum
1232 1088 1256 1118 a
1295 1076 1636 1119 deambulatione
1680 1076 1845 1118 reducit

293 1161 418 1200 quam
461 1147 600 1189 omnia
644 1147 687 1187 in
732 1152 823 1188 tuto
866 1152 964 1188 sunt
1005 1147 1206 1199 reposita‚
1251 1147 1416 1189 scilicet
1455 1147 1603 1189 eodem
1640 1147 1844 1199 temporis

296 1224 520 1270 momento,
555 1230 634 1268 quo
667 1221 789 1269 pater
820 1217 913 1270 ipse
946 1222 1170 1270 argentum
1203 1217 1256 1259 ad
1277 1219 1547 1260 meretricem
1570 1217 1845 1260 deferendum

299 1291 488 1332 elaturus
528 1294 604 1330 est.
668 1287 787 1340 Quod
827 1300 928 1330 vero
968 1288 1100 1340 Syrus
1140 1288 1425 1341 Clitiphonem
1464 1288 1683 1330 mendacio
1721 1288 1844 1340 fauit,
1897 1307 1901 1310 ·

295 1374 389 1402 cum
424 1359 526 1401 dicit
550 1358 807 1400 Bacchidem
841 1359 932 1401 eius
965 1359 1106 1411 gratia
1138 1359 1313 1401 militem
1343 1359 1553 1410 quendam
1582 1358 1844 1411 repudiasse,

294 1436 420 1484 poeta
463 1430 505 1471 id
539 1430 641 1482 agit,
683 1435 728 1471 ut
762 1430 984 1482 Antiphila
1017 1429 1164 1482 agnita
1196 1430 1399 1472 meretrix
1438 1429 1489 1472 ad
1522 1429 1698 1471 militem
1729 1429 1846 1470 illum

299 1503 466 1544 abitura
499 1501 741 1543 Menedemi
780 1501 947 1542 domum
979 1500 1105 1542 facile
1137 1501 1272 1552 possit
1311 1500 1487 1542 traduci-.—
1549 1499 1632 1542 Sed
1665 1501 1847 1542 omnium

299 1586 442 1615 rerum
482 1573 524 1614 in
565 1572 822 1614 contrarium
865 1577 1121 1613 mutatarum
1165 1571 1285 1622 quasi
1327 1583 1489 1613 summa
1521 1571 1691 1613 videtur
1729 1583 1849 1622 para-

302 1644 439 1685 doxon
462 1643 580 1691 illud,
616 1655 695 1694 quo
719 1655 819 1684 usus
843 1641 974 1695 Syrus
998 1655 1090 1684 cum
1114 1642 1315 1694 superbia
1338 1641 1519 1693 quadam
1552 1654 1654 1694 prae
1687 1654 1732 1683 se
1764 1642 1850 1683 fert

299 1727 346 1757 se
388 1720 612 1765 utrumque
653 1725 796 1756 senem
831 1725 978 1754 verum
1019 1712 1197 1754 dicendo
1230 1713 1507 1764 decepturum
1541 1724 1649 1765 esse,
1690 1725 1771 1764 qua
1802 1724 1848 1754 re

302 1790 476 1837 propter
516 1784 559 1825 id
604 1784 737 1825 solum
778 1784 953 1836 gloriari
997 1788 1151 1836 potest,
1197 1783 1306 1835 quod
1351 1787 1450 1825 ante
1493 1783 1753 1836 agnitionem
1796 1783 1849 1824 ab

300 1857 435 1898 altero
474 1867 575 1897 sene
614 1854 864 1906 impellitur,
903 1861 948 1896 ut
985 1854 1028 1895 in
1067 1854 1247 1896 alterum
1286 1853 1500 1895 fallaciam
1539 1858 1688 1896 struat.
1760 1853 1849 1894 Iam

301 1939 394 1968 cum
436 1938 545 1967 nunc
589 1926 762 1967 tandem
794 1937 944 1967 servus
986 1925 1209 1977 pecuniam
1248 1924 1365 1966 illam
1398 1924 1448 1966 ad
1482 1924 1708 1966 Bacchidis
1742 1937 1851 1966 sum—

303 2004 398 2050 ptus
417 1996 687 2039 sustinendos
705 1996 990 2038 necessariam
1010 1996 1284 2048 adipiscatur,
1308 1995 1359 2037 ad
1380 2007 1504 2047 quam
1522 1993 1846 2046 comparandam

303 2073 345 2110 et
393 2068 527 2119 ipsius
571 2067 789 2108 consilium
833 2067 1160 2109 audacissimum
1207 2073 1248 2108 et
1292 2066 1407 2108 senis
1458 2065 1561 2107 illud
1606 2065 1850 2106 mandatum

304 2138 520 2190 pertinuit.
561 2138 704 2179 fabula
736 2139 828 2179 iure
867 2138 919 2179 ad
953 2138 1254 2189 catastrophen
1291 2137 1548 2188 perducitur,
1588 2136 1649 2177 ita
1682 2135 1849 2187 quidem

303 2214 350 2250 ut
383 2209 568 2260 (J'litipho
601 2214 779 2260 argento
811 2214 984 2260 accepto
1018 2208 1143 2249 nimis
1176 2207 1300 2250 avide
1332 2213 1459 2259 atque
1491 2207 1661 2248 incaute
1693 2207 1851 2248 amicae

303 2279 509 2321 fruendae
542 2279 819 2330 cupiditatem
852 2279 1034 2330 expleat.

424 2350 586 2403 Quibus
630 2351 756 2391 rebus
801 2350 982 2402 cognitis
1028 2355 1116 2390 tota
1160 2348 1331 2390 fabulae
1374 2352 1586 2389 structura
1628 2347 1852 2399 perspicua

305 2427 433 2472 atque
475 2425 624 2472 aperta
663 2419 844 2461 videtur.
907 2420 1052 2471 Neque
1091 2420 1173 2461 iam
1216 2419 1385 2460 dubium
1429 2422 1494 2460 est
1528 2419 1626 2469 quin
1661 2419 1852 2469 quamvis

307 2492 473 2545 magnis
516 2490 707 2532 artificiis
742 2496 865 2543 poeta
899 2490 978 2532 duo
1012 2490 1085 2531 illa
1123 2489 1295 2543 negotia
1329 2489 1594 2541 expositione
1625 2488 1717 2540 ipsa
1749 2488 1854 2530 indi-

305 2572 402 2604 cata
440 2570 524 2603 tam
565 2569 657 2603 arte
699 2573 841 2603 secum
880 2560 1133 2612 devinxerit,
1175 2567 1219 2601 ut
1259 2560 1437 2601 alterum
1477 2560 1528 2601 ab
1569 2559 1701 2601 altero
1740 2559 1854 2601 nullo

307 2633 427 2674 modo
461 2633 595 2685 possit
630 2632 808 2684 seiungi.
871 2634 938 2673 An
970 2631 1200 2673 Roetterus
1233 2631 1338 2682 ipse,
1373 2631 1440 2682 qui
1475 2642 1567 2671 cum
1601 2629 1854 2681 Clitiphonis

311 2702 755 2755 partibus‘Bacchidis
779 2701 958 2755 Syrique
981 2703 1033 2743 ab
1057 2702 1289 2753 exemplari
1309 2701 1473 2744 Graeco
1493 2712 1587 2743 esse
1611 2700 1854 2743 abiciendas

428 2856 453 2898 ¹)
481 2856 525 2888 ef.
556 2855 708 2895 Heinze,
736 2854 875 2896 Virgils
903 2854 1050 2897 epische
1076 2854 1241 2887 Technik
1267 2865 1300 2896 p.
1328 2854 1407 2886 334.
