2030 3266
924 271 1214 313 ..33-

304 390 555 431 translatam
595 391 828 432 credamus.
892 390 981 443 Quo
1022 390 1297 433 fundamento
1336 391 1445 432 iacto
1478 392 1560 431 iam
1593 390 1644 431 ad
1677 389 1848 431 fabulae

306 460 602 513 Terentianae,
637 473 744 512 quae
776 461 817 502 in
851 461 1045 503 manibus
1069 466 1147 513 est,
1179 465 1432 503 structuram
1458 460 1747 512 explicandam
1772 473 1848 502 nos

306 535 616 573 convertamus.

422 601 514 643 Hac
557 602 600 642 in
643 601 786 643 fabula
827 606 923 643 actu
968 603 1102 643 altero
1144 603 1330 649 ineunte,
1371 615 1463 644 cum
1496 602 1608 643 servi
1652 613 1704 643 ex
1746 602 1850 643 urbe

308 676 586 713 revertuntur
623 673 843 723 utriusque
882 672 1168 714 adulescentis
1201 672 1377 713 amicam
1412 672 1650 714 Chremetis
1684 672 1848 713 domum

305 742 472 784 ducturi
482 739 523 795 l),
545 743 753 785 actionem
776 743 904 794 incipi
925 743 1061 794 ipsam
1083 743 1171 784 scil.
1196 747 1386 784 veterum
1404 743 1602 794 epitasin,
1616 742 1648 795 e)
1672 754 1764 783 cum
1788 754 1851 795 ea,

306 825 414 864 quae
447 820 574 855 antea
606 819 846 865 narrantur,
880 825 963 854 non
996 813 1241 865 pertineant
1274 813 1356 854 nisi
1389 812 1442 853 ad
1473 813 1583 854 hanc
1614 825 1702 854 rem
1736 824 1851 863 prae-

307 884 549 935 parandam,
581 897 702 935 quam
735 883 1000 936 grammatici
1029 883 1191 934 antiqui
1215 883 1385 925 fabulae
1409 884 1642 937 protasin³²)
1669 884 1854 935 appella-

310 956 422 1003 bant,
463 967 513 996 ea
553 967 659 1006 quae
698 954 847 995 fraude
886 953 1056 995 detecta
1098 953 1215 1004 fiunt,
1250 966 1333 995 non
1365 958 1560 1005 spectent
1586 953 1668 995 nisi
1700 953 1752 994 ad
1784 966 1855 996 res

307 1026 502 1076 inceptas
518 1024 815 1077 absolvendas,
841 1036 962 1075 quam
981 1024 1152 1066 fabulae
1170 1024 1470 1075 catastrophen
1482 1023 1514 1078 4)
1532 1024 1623 1066 iure
1641 1024 1852 1066 dicebant.

308 1096 501 1147 pluribus
543 1095 835 1136 demonstrare
874 1107 955 1135 non
995 1100 1064 1136 est
1103 1107 1217 1146 opus.
1279 1095 1317 1135 A
1351 1094 1447 1147 Syri
1480 1095 1612 1147 igitur
1644 1095 1856 1137 machina-

308 1166 497 1207 tionibus
530 1167 597 1207 vel
631 1166 682 1207 ab
716 1166 896 1217 actione,
931 1178 1037 1217 quae
1070 1166 1169 1216 quin
1193 1166 1522 1216 uniuscuiusque
1544 1165 1714 1207 fabulae
1737 1166 1855 1216 quasi

309 1241 437 1289 caput
471 1243 513 1278 et
537 1249 697 1278 summa
721 1237 789 1289 sit,
813 1248 935 1277 nemo
959 1236 1138 1284 dubitat,
1163 1237 1284 1277 nobis
1307 1236 1593 1287 incipiendum
1624 1248 1858 1279 censemus,

430 1307 548 1360 Quae
581 1308 731 1349 turbae
764 1307 1011 1358 Antiphilae
1054 1306 1271 1358 agnitione
1315 1312 1463 1358 aperte
1502 1307 1605 1348 duas
1638 1307 1680 1347 in
1715 1312 1858 1358 partes
1897 1304 1901 1307 ’

313 1379 638 1420 distribuuntur.
711 1379 852 1419 Antea
895 1377 1005 1419 enim
1051 1376 1155 1429 Syro
1201 1390 1328 1418 unum
1373 1382 1441 1418 est
1484 1377 1767 1429 propositum,
1814 1382 1860 1418 ut

312 1450 532 1501 pecuniam
560 1448 791 1500 (ff'litiphoni
823 1449 1110 1490 necessariam
1144 1454 1372 1500 comparet,
1407 1448 1517 1499 quod
1545 1453 1768 1499 propterea
1800 1448 1860 1489 ta-

311 1520 468 1561 cillime
501 1527 795 1561 assecuturum
829 1531 874 1560 se
908 1531 1003 1561 esse
1036 1524 1192 1570 sperat,
1235 1518 1357 1570 quod,
1398 1531 1477 1570 quo
1510 1519 1601 1571 ipso
1634 1518 1727 1560 dolo
1761 1531 1861 1560 usus

314 1591 569 1632 Bacchidem
601 1590 652 1630 ad
678 1590 916 1631 Chremetis
939 1602 1087 1631 cenam
1120 1589 1252 1641 duxit,
1286 1590 1553 1631 meretricem
1581 1589 1743 1631 Cliniae
1766 1601 1861 1631 esse

315 1662 488 1703 amicam
525 1661 752 1712 simulavit,
787 1661 1050 1712 Antiphilam
1091 1665 1134 1701 ut
1172 1660 1411 1702 meretricis
1450 1661 1701 1701 arrabonem
1735 1660 1858 1701 matri

314 1733 498 1774 familias
516 1732 693 1773 tradidit
711 1730 812 1785 (329
838 1737 1089 1783 „argentum
1107 1731 1254 1773 eadem
1271 1731 1351 1772 hac
1367 1731 1582 1772 inveniam
1604 1730 1731 1784 via“).
1764 1730 1791 1771 J
1796 1743 1862 1772 am

318 1804 537 1855 Antiphila
571 1803 716 1855 agnita
749 1815 955 1843 summum
979 1807 1045 1844 est
1069 1802 1315 1854 periculum,
1338 1813 1391 1843 ne
1413 1807 1502 1843 tota
1524 1800 1640 1842 fraus
1663 1802 1705 1842 in
1727 1802 1863 1842 lucem

318 1874 571 1927 proferatur.
635 1874 770 1914 Clinia
803 1874 927 1924 enim,
952 1872 1019 1914 cui
1042 1872 1182 1913 subito
1205 1872 1396 1924 amicam,
1420 1872 1539 1913 cuius
1561 1872 1700 1923 gratia
1721 1879 1864 1914 tantas

318 1946 535 1988 molestias
575 1947 724 1996 subiit,
765 1945 805 1985 in
847 1944 1157 1985 matrimonium
1198 1942 1378 1985 ducendi
1418 1948 1607 1994 potestas
1646 1949 1712 1984 est
1752 1943 1864 1994 data,

440 2110 463 2152 ¹)
493 2110 707 2142 Certissima
746 2111 827 2150 lege
866 2109 903 2140 in
936 2109 988 2141 eis
1024 2108 1161 2140 sabulis
1195 2108 1369 2149 palliam,
1405 2117 1498 2149 quae
1531 2107 1867 2139 machinationibus

320 2169 542 2211 quibusdam
582 2169 830 2209 continentur,
870 2179 890 2200 a
929 2167 1082 2199 consilio
1120 2167 1260 2198 fraudis
1294 2167 1442 2198 futurae
1476 2165 1652 2208 capiendo
1686 2166 1867 2198 actionem

320 2229 432 2271 incipi
464 2228 544 2269 Leo,
572 2228 724 2267 Quaest.
751 2228 872 2259 Plaut.
901 2238 933 2269 p.
965 2227 1030 2258 190
1056 2226 1295 2258 demonstrat.

439 2287 466 2327 2)
495 2287 655 2319 Euant-h.
696 2287 759 2328 IV,
799 2287 818 2318 5
856 2287 1049 2328 (VVessner
1082 2297 1115 2328 p.
1150 2286 1232 2327 22):
1269 2284 1452 2326 „Epitasis
1488 2284 1753 2316 incrementum
1785 2294 1868 2324 pro-

322 2357 521 2388 cessusque
549 2346 742 2377 turbarum
769 2357 811 2377 ac
837 2350 951 2385 totus,
979 2350 1020 2376 ut
1045 2344 1098 2376 ita
1125 2344 1289 2384 dixerim,
1316 2343 1435 2375 nodus
1463 2342 1629 2375 erroris.“

439 2403 468 2447 3)
495 2404 633 2437 Donati
654 2405 740 2436 Exc.
761 2404 803 2436 de
825 2415 916 2436 com.
937 2404 1018 2444 VH,
1037 2404 1059 2435 4
1077 2403 1268 2445 (Wessner
1285 2413 1319 2444 p.
1339 2402 1417 2444 ⁴27):
1447 2401 1635 2443 „Protasis
1656 2406 1713 2433 est
1729 2401 1870 2443 primus

324 2472 427 2497 actus
454 2465 613 2505 fabulae,
649 2474 722 2505 quo
749 2474 834 2506 pars
862 2463 1073 2504 argumenti
1100 2462 1316 2505 explicatur,
1352 2472 1437 2503 pars
1471 2460 1647 2492 reticetur
1672 2460 1717 2491 ad
1743 2459 1870 2502 populi

324 2523 635 2566 exspectationem
661 2523 891 2555 tenendam“.

441 2583 469 2626 4)
495 2583 653 2615 Euanth.
693 2581 795 2614 ibid.:
836 2581 1105 2624 „Catastrophe
1139 2580 1329 2613 conversio
1368 2589 1489 2612 rerum
1523 2582 1578 2610 est
1612 2578 1657 2610 ad
1690 2577 1871 2609 iucundos

324 2643 444 2675 exitus
471 2641 657 2685 patefacta
684 2640 827 2673 cunctis
855 2640 1067 2682 cognitione
1094 2642 1316 2681 gestorum.“

443 2702 577 2733 Donat.
610 2700 714 2732 ibid.:
751 2700 1019 2742 „Catastrophe
1053 2699 1248 2741 explicatio
1282 2698 1447 2737 fabulae,
1480 2707 1545 2739 per
1577 2706 1684 2738 quam
1719 2700 1872 2727 eventus

325 2762 404 2794 eius
432 2761 689 2803 approbatur.“

444 2818 602 2852 Omnino
641 2818 684 2850 de
718 2818 827 2850 huius
862 2817 1188 2859 grammaticorum
1222 2816 1409 2848 doctrinae
1444 2819 1579 2847 natura
1605 2814 1649 2846 cf.
1677 2814 1761 2854 Leo,
1795 2813 1816 2844 l.
1844 2824 1872 2843 s.

327 2892 360 2923 p.
388 2880 456 2912 210
483 2890 534 2920 sq.
