2030 3266
940 267 1112 307 —32

315 382 589 434 Nencinius1)
606 396 725 425 suam
747 384 982 426 doctrinam
1006 384 1242 426 confirmari
1266 390 1399 438 putat,
1423 386 1474 427 de
1497 387 1699 439 gravibus
1722 399 1862 429 exem·

313 454 444 505 plaris
477 454 632 496 Grraeci
670 455 975 497 mutationibus
1013 456 1203 509 cogitare
1240 457 1443 509 cogimur,
1477 469 1570 498 cum
1608 469 1660 499 ex
1692 458 1769 507 eis,
1815 462 1863 498 ut

313 525 363 566 de
386 525 522 577 prima
544 537 711 578 scaena,
723 531 924 577 quantum
941 525 1274 578 videmus‚mere
1290 527 1498 569 translata
1514 540 1597 569 non
1615 528 1802 570 dicamus
1812 528 1860 581 63),

312 599 354 637 et
387 595 687 649 (⁷¹litiphonis2)
720 602 763 638 et
786 596 924 650 Syri⁴)
956 601 1000 638 et
1021 597 1290 648 Bacchidis5)
1324 598 1506 650 partium
1538 599 1723 651 vestigIa
1755 599 1861 640 satis

312 670 428 708 certa
460 671 779 718 cognoscantur.
832 667 917 709 Sed
950 680 1077 709 unum
1110 671 1251 709 exstat
1284 668 1583 722 fragmentum,
1618 682 1696 720 quo
1726 669 1861 721 primo

312 736 480 788 quidem
533 738 680 778 obtutu
734 737 982 779 Terentium
1034 737 1204 779 fabulae
1256 738 1544 782 Menandreae
1603 744 1860 782 structuram

311 807 483 849 minime
505 808 717 860 integram
734 808 962 859 reliquisse
979 808 1263 851 certissimum
1281 808 1373 851 fieri
1390 810 1569 852 videtur.
1613 810 1861 852 Athenaeus

311 876 446 931 (XIV,
489 877 623 931 651a)
669 878 780 920 enim
826 878 903 920 hos
944 878 1077 920 tradit
1118 890 1268 921 versus
1312 891 1364 921 ex
1408 880 1862 922 Hautontimorumeno

311 953 534 1000 excerptos
568 949 632 997 (fr.
668 946 750 987 146
766 946 841 1002 Κ);

583 1039 693 1082 λίπ’
726 1042 898 1095 ἄριστον
930 1042 1006 1096 γὰρ
1039 1044 1091 1088 ὡς
1124 1041 1364 1094 ἀμυγδάλας
1397 1040 1471 1095 ἐγὼ

584 1114 818 1167 Παρέθηκα
851 1112 923 1153 καὶ
955 1118 1038 1152 τῶν
1071 1114 1236 1169 ῥοιδίων
1270 1111 1597 1167 ἐτρώγομεν...

428 1207 545 1260 Quae
587 1208 736 1261 verba,
775 1220 869 1250 cum
900 1208 1160 1251 Terentiana
1198 1209 1241 1251 in
1275 1209 1421 1251 fabula
1452 1210 1619 1263 prandii
1652 1223 1858 1263 nusquam

310 1278 466 1319 mentio
499 1278 585 1331 fiat,
618 1290 700 1320 non
734 1283 912 1331 possunt
942 1279 1095 1322 referri
1127 1280 1210 1322 nisi
1242 1281 1295 1322 ad
1329 1280 1567 1323 Chremetis
1599 1281 1722 1323 haec:

427 1359 523 1401 455.
570 1361 675 1402 Nam
708 1373 834 1403 unam
866 1361 905 1403 ei
938 1373 1085 1404 cenam
1117 1367 1246 1414 atque
1278 1363 1368 1404 cius
1400 1363 1623 1405 comitibus

566 1431 692 1483 Dedi3
725 1432 833 1483 quod
866 1433 901 1474 si
933 1433 1088 1475 iterum
1120 1433 1226 1475 mihi
1259 1434 1316 1475 sit
1347 1433 1499 1486 danda,
1534 1437 1674 1476 actum
1707 1435 1799 1477 siet.

565 1502 669 1543 Nam
703 1506 749 1544 ut
780 1503 863 1544 alia
895 1504 1100 1556 omittam,
1133 1504 1381 1557 pytissando
1414 1505 1535 1547 modo
1567 1505 1669 1546 mihi

565 1573 675 1626 Quid
708 1573 797 1615 vini
830 1575 1067 1626 absumpsit
1102 1575 1189 1627 „sic
1220 1575 1323 1616 hoc“
1361 1575 1525 1627 dicens;
1562 1588 1798 1629 „asperum‚

566 1645 708 1696 Pater,
742 1645 821 1686 hoc
852 1649 935 1687 est:
967 1645 1080 1687 aliud
1112 1645 1250 1688 lenius
1283 1646 1407 1688 sodes
1438 1646 1579 1689 vide!“

426 1727 574 1769 Nonne
607 1731 748 1769 autem
780 1727 847 1769 his
874 1728 1020 1770 verbis
1053 1728 1263 1780 respectis
1285 1728 1571 1781 fragmentum
1598 1729 1717 1782 illud,
1749 1730 1859 1781 quod

311 1798 514 1840 vertimus
560 1798 692 1852 ⁷‚Nam
734 1802 832 1850 post
875 1799 1099 1850 prandium
1143 1811 1237 1841 cum
1276 1799 1525 1853 amygdalas
1565 1800 1857 1852 apposuissem

309 1872 352 1910 et
383 1869 494 1910 mala
527 1869 686 1910 Punica
718 1869 940 1911 ederemus
970 1903 977 1911 .
1008 1903 1015 1910 .
1045 1869 1096 1922 .“,
1136 1871 1282 1912 statim
1314 1870 1433 1912 hisce
1465 1871 1664 1923 supplere
1695 1871 1859 1923 cupias:

312 1952 461 1991 „quam
505 1939 756 1982 immodeste
798 1952 845 1982 se
888 1940 1083 1992 gessit“‘?
1145 1940 1357 1982 Simillimi
1399 1953 1502 1983 sane
1545 1942 1590 1982 hi
1631 1946 1729 1983 sunt
1766 1942 1857 1984 loci.

308 2010 557 2062 Fragmenti
601 2010 713 2052 enim
757 2011 900 2053 verbis
939 2011 1094 2063 aliquis
1132 2024 1201 2054 res
1239 2016 1335 2064 post
1373 2012 1596 2064 prandium
1639 2013 1859 2065 appositas

309 2085 492 2133 enarrat,
513 2093 561 2122 ac
583 2093 636 2122 ne
658 2082 769 2132 apud
787 2081 1034 2124 Terentium
1058 2082 1225 2133 quidem
1250 2095 1354 2124 cena
1375 2083 1448 2125 illa
1471 2084 1547 2125 sub
1571 2088 1858 2135 spectatorum

309 2151 450 2192 oculos
484 2152 703 2204 subicitur,
737 2152 811 2194 sed
846 2152 1047 2195 Chremes
1077 2153 1169 2205 ipse
1193 2165 1356 2205 quoque
1378 2154 1522 2196 verbis
1545 2166 1637 2196 eam
1659 2154 1859 2196 illustrat.

309 2290 387 2323 eine
421 2290 586 2323 einfache
613 2291 816 2332 Handlung
847 2303 913 2324 zur
940 2292 1153 2334 Grundlage
1180 2293 1280 2325 dient
1314 2294 1552 2337 (quamquam
1578 2294 1769 2326 Menandri
1802 2295 1854 2326 fa-

308 2350 414 2381 bulas
440 2350 586 2382 minime
620 2350 657 2382 in
684 2350 912 2392 simplicibus
939 2351 1166 2392 argumentis
1193 2352 1394 2384 consistere
1422 2363 1465 2384 ex
1492 2357 1670 2394 quattuor
1694 2352 1768 2386 illis
1795 2364 1853 2385 co-

307 2408 460 2440 moediis
486 2408 523 2440 in
548 2409 720 2451 Aegypto
748 2409 919 2451 inventis⁷
947 2421 1041 2452 quae
1067 2411 1174 2442 modo
1203 2410 1340 2453 publici
1366 2410 1457 2443 iuris
1485 2415 1572 2443 sunt
1597 2412 1728 2452 factae,
1755 2422 1854 2443 nunc

307 2467 396 2499 satis
416 2468 681 2511 cognoscitur),
699 2469 821 2501 lassen
839 2479 908 2500 uns
926 2469 1060 2510 gerade
1080 2469 1137 2501 die
1158 2480 1229 2501 von
1248 2480 1401 2502 unserer
1415 2470 1595 2502 Komodie
1613 2470 1855 2511 gebliebenen

307 2527 527 2568 Fragmente
553 2538 624 2559 nur
650 2528 716 2559 auf
738 2527 836 2559 diese
864 2528 1030 2560 einfache
1056 2529 1260 2570 Handlung
1287 2528 1522 2561 schliessenf‘

426 2586 452 2627 ¹)
479 2586 581 2618 Haec
606 2586 695 2618 facit
720 2587 833 2619 verba
860 2588 882 2619 1,
911 2597 938 2620 s,
964 2598 998 2629 p.
1026 2588 1086 2618 69:
1123 2588 1366 2629 „Fragmenta
1401 2588 1444 2620 de
1470 2587 1706 2629 gravioribus
1738 2593 1856 2621 muta-

307 2644 471 2676 tionibus
498 2645 604 2677 fidem
630 2645 803 2677 faciunt.“

426 2704 454 2745 ²)
482 2704 527 2737 cf.
553 2715 613 2746 pp.
641 2705 660 2736 2
689 2715 745 2737 an.
776 2706 791 2735 1
821 2709 857 2736 et
882 2706 904 2736 4
931 2715 987 2736 an.
1018 2707 1034 2736 1
1061 2705 1172 2737 huius
1199 2716 1327 2738 comm.

426 2762 453 2805 ⁵)
481 2763 525 2795 cf.
553 2774 613 2805 pp.
640 2764 661 2794 S
688 2774 745 2795 an.
776 2765 805 2805 1,
834 2764 875 2795 15
903 2775 961 2797 an.
988 2765 1020 2806 2,
1047 2765 1090 2796 29
1118 2775 1175 2797 an.
1204 2766 1221 2796 1
1249 2764 1358 2796 huius
1386 2775 1513 2796 comm.

426 2819 453 2861 4)
480 2822 524 2853 cf.
551 2833 610 2864 pp.
641 2823 683 2853 10
709 2833 767 2856 an.
796 2824 826 2863 1,
855 2823 897 2855 15
926 2834 984 2856 an.
1011 2824 1042 2865 2,
1070 2824 1114 2855 29
1141 2834 1198 2857 an.
1227 2825 1244 2855 1
1272 2823 1382 2855 huius
1409 2834 1537 2855 comm.

427 2879 453 2917 ³3)
481 2881 525 2912 cf.
554 2892 612 2922 pp.
641 2882 684 2912 14
711 2892 767 2913 an.
798 2883 827 2922 1,
857 2882 899 2913 15
927 2893 984 2915 an.
1012 2883 1043 2923 2,
1071 2883 1114 2914 29
1142 2893 1198 2915 an.
1228 2883 1244 2913 1
1272 2882 1382 2914 huius
1409 2893 1537 2914 comm.
