2030 3266
924 272 1212 312 —23-

295 389 455 430 habere
487 389 568 430 sibi
602 395 667 431 est
691 389 820 441 visuS‚
853 390 938 431 iam
961 403 1008 432 se
1030 390 1122 432 iure
1144 391 1314 433 irrideri
1338 391 1574 443 confitetur,
1607 403 1701 433 011111
1724 392 1842 442 quasi

291 471 441 500 caecus
480 471 548 501 res
586 465 673 500 tam
711 465 882 512 apertas
922 473 1004 502 non
1041 461 1198 503 viderit
1229 460 1331 513 (915
1365 460 1488 514 sqq.);
1528 462 1626 513 quin
1658 474 1770 503 nunc
1801 462 1843 503 in

294 541 342 570 eo
376 536 455 575 est,
499 535 558 582 ut,
598 542 692 572 cum
724 536 851 572 antea
884 531 1068 573 vicinum
1101 532 1275 574 oonsilio
1309 533 1389 573 sibi
1428 544 1524 574 esse
1558 528 1843 574 adiuvandum

294 600 527 648 censuerit,
569 601 662 653 ipse
701 613 752 642 ex
785 613 833 643 eo
866 606 1062 654 quaerat,
1108 602 1207 653 quid
1241 603 1323 644 sibi
1355 602 1596 644 faciendum
1628 603 1683 644 sit
1717 601 1843 655 (924).

291 669 408 723 Quae
447 670 500 712 ad
541 673 671 713 verba
708 672 782 714 ille
819 672 977 724 optimo
1016 673 1108 714 iure
1149 673 1393 724 respondet:
1437 673 1610 724 „Nonne
1648 673 1689 714 id
1727 672 1845 725 flagi-

290 741 440 782 tiumst
471 745 514 783 te
537 741 631 783 aliis
659 742 879 784 consilium
913 743 1028 795 dare,
1059 741 1063 796 Ι
1092 742 1194 784 foris
1227 755 1395 795 sapere,
1427 744 1507 784 tibi
1528 756 1610 785 non
1644 755 1768 796 posse
1801 746 1844 785 te

291 811 565 853 auxiliarier‘?
594 811 598 866 l
626 811 727 866 (fac)
745 813 786 853 id
811 813 918 864 quod
942 825 1008 854 me
1032 813 1188 855 fecisse
1210 814 1354 855 aiebas
1376 826 1523 865 parum
1544 813 1642 863 (151
1667 812 1784 868 sqq.).
1813 811 1820 868 Ι

289 882 325 923 F
329 894 378 924 30
396 887 438 924 te
456 889 621 934 patrem
639 894 733 925 esse
751 883 929 940 sentiat3
948 883 1016 925 fae
1034 887 1079 925 ut
1097 883 1251 926 audeat
1281 883 1286 937 Ι
1313 883 1392 925 tibi
1409 885 1584 927 credere
1600 885 1752 937 omnia,
1767 885 1844 926 abs

290 958 333 995 te
374 957 522 1004 petere
563 959 605 995 et
639 953 858 1005 poscere!“
924 954 1041 996 Haec
1075 954 1179 995 satis
1212 954 1358 1006 gravis
1390 962 1456 996 est
1488 967 1636 1008 poena,
1676 968 1757 1006 qua
1789 956 1842 997 ab

289 1035 337 1065 eo
380 1023 578 1076 afficitur,
627 1023 693 1064 cui
738 1024 898 1066 eisdem
943 1024 1034 1067 fere
1077 1025 1221 1067 verbis
1273 1037 1368 1068 eum
1420 1025 1550 1067 filium
1602 1038 1683 1068 non
1726 1029 1842 1068 recte

292 1100 502 1136 tractasse
533 1094 698 1135 crimini
722 1094 850 1137 dedit.
890 1094 974 1137 Sed
1006 1107 1083 1146 par
1114 1098 1200 1148 est,
1232 1108 1315 1137 non
1347 1107 1493 1138 senem
1524 1096 1664 1148 ipsum
1694 1096 1841 1149 solum,

289 1165 365 1206 sed
395 1165 524 1206 etiam
547 1163 832 1217 Clitiphonem
860 1166 1035 1217 eiusque
1064 1179 1233 1209 servum
1256 1167 1413 1218 puniri,
1444 1167 1604 1218 quippe
1622 1168 1692 1218 qui
1712 1168 1841 1208 nimia

292 1235 382 1276 fere
419 1235 651 1287 ignominia
693 1248 787 1278 eum
826 1236 1060 1278 affecerint.
1123 1237 1274 1288 Itaque
1312 1237 1395 1278 iam
1433 1243 1555 1288 pater
1585 1238 1841 1279 iratissimus

292 1313 515 1357 postquam
548 1318 594 1348 se
617 1307 881 1358 Antiphilam
905 1308 1067 1350 Cliniae
1098 1308 1142 1349 in
1174 1308 1486 1350 matrimonium
1519 1308 1714 1350 daturum
1747 1320 1842 1350 esse
1895 1352 1898 1355 ,

291 1377 504 1428 pollicitus
547 1382 631 1425 est,
677 1390 700 1418 a
732 1378 870 1419 vicino
914 1379 1036 1431 petit,
1079 1386 1125 1420 ut
1167 1378 1332 1420 domum
1378 1391 1578 1421 reversus
1611 1379 1840 1430 Clitiphoni

291 1448 403 1489 dicat
454 1459 640 1489 sororem
679 1452 811 1490 totam
851 1449 986 1500 patris
1035 1462 1122 1491 rem
1162 1450 1417 1492 familiarem
1456 1450 1543 1491 doti
1592 1463 1687 1492 esse
1726 1462 1841 1492 acce-

288 1518 510 1569 1;›tura1n¹.
574 1518 729 1560 Filium
762 1520 874 1562 enim
907 1520 985 1562 hoc
1009 1521 1183 1562 consilio
1216 1521 1274 1562 ita
1308 1522 1593 1563 comminuere
1622 1521 1665 1562 111
1698 1521 1838 1562 31111110

289 1590 430 1641 habet,
465 1594 510 1630 ut
542 1602 621 1640 quo
654 1601 700 1632 se
732 1595 875 1633 vertat
895 1592 1073 1643 nesciat,
1106 1604 1276 1634 servum
1306 1604 1352 1634 se
1373 1593 1474 1634 loris
1498 1604 1593 1635 esse
1615 1604 1833 1634 caesurum

287 1661 397 1702 iurat
430 1659 530 1704 (949
563 1661 680 1714 sqq.).

408 1743 472 1786 Sc.
505 1744 549 1785 Π
579 1744 858 1797 (9ὃ4-977),
923 1746 1067 1798 Neque
1101 1759 1200 1799 spes
1234 1759 1327 1788 eum
1360 1746 1482 1788 fallit.
1546 1746 1693 1786 Paullo
1727 1746 1836 1787 enim

288 1819 384 1866 post
416 1814 528 1856 filius
562 1828 724 1857 summa
757 1817 1058 1859 sollicitatione
1090 1817 1270 1860 affectus
1303 1829 1396 1859 cum
1421 1816 1668 1859 Menedemo
1696 1815 1836 1868 011112),

406 2015 433 2057 ¹)
462 2015 569 2055 Quod
594 2015 794 2048 Roetterus
821 2017 844 2049 1.
867 2027 894 2049 s.
920 2027 952 2059 p.
982 2018 1024 2049 14
1051 2018 1140 2049 haec
1161 2017 1282 2050 affert:
1312 2016 1456 2057 „Quidia
1484 2017 1583 2058 quod
1601 2016 1837 2048 Menedemus

286 2084 330 2105 ne
357 2073 450 2106 seire
478 2074 624 2116 quidem
651 2074 808 2116 videtur⁷
837 2086 947 2117 quam
974 2076 1066 2108 bene
1093 2076 1135 2108 de
1163 2075 1280 2108 amica
1306 2076 1381 2108 filio
1407 2086 1465 2108 res
1493 2075 1669 2108 cesserit?
1705 2075 1836 2107 Filiam

286 2132 380 2175 petit
406 2144 427 2165 a
447 2132 579 2174 vicino,
608 2134 726 2166 datur.
757 2134 812 2167 De
834 2135 1028 2178 Antiphila
1054 2135 1240 2177 quondam
1267 2135 1383 2167 amica
1409 2145 1453 2167 ne
1473 2135 1627 2167 verbum
1654 2133 1836 2176 quidem“,

286 2191 332 2223 ad
382 2192 473 2224 haee
526 2193 638 2225 verba
692 2193 744 2225 nil
787 2194 1009 2236 respondere
1056 2200 1112 2227 est
1160 2205 1271 2236 opuS‚
1321 2194 1393 2226 nisi
1434 2193 1678 2227 Menandrum
1718 2194 1834 2234 legem

286 2250 387 2282 illam
415 2255 494 2283 arte
524 2252 692 2284 scaenica
710 2262 795 2284 vere
823 2252 973 2294 dignam
1006 2258 1175 2285 secutum
1203 2263 1245 2285 ea
1272 2253 1453 2294 0111111010,
1481 2263 1574 2295 quae
1601 2252 1647 2284 ad
1672 2252 1835 2284 fabulam

287 2310 550 2342 absolvendam
577 2310 629 2342 nil
656 2311 804 2343 omnino
830 2311 1052 2353 pertineant,
1079 2317 1120 2344 ut
1147 2322 1230 2344 eum
1250 2312 1330 2354 ipso
1357 2316 1461 2354 patre
1488 2312 1531 2344 de
1557 2311 1713 2354 pristino
1740 2310 1835 2342 filiae

287 2368 539 2400 concubinatu
557 2369 670 2402 verba
690 2370 810 2402 facere
829 2381 850 2402 a
868 2370 992 2402 decori
1015 2369 1161 2411 legibus
1179 2380 1332 2408 prorsus
1352 2371 1549 2403 abhorrere
1568 2381 1642 2402 non
1660 2370 1834 2402 dicamus.

405 2450 433 2493 2)
459 2451 530 2483 Η10
556 2451 787 2492 Legrandius
826 2453 849 2486 l.
877 2463 904 2484 s.
931 2463 966 2494 p.
993 2453 1060 2484 353
1096 2452 1437 2495 reprehendendum
1473 2463 1552 2485 esse
1585 2457 1703 2494 putat·⁷
1737 2452 1834 2494 quod

286 2520 350 2541 sex
387 2509 464 2542 fere
498 2520 672 2542 versuum
709 2511 871 2553 spatium
902 2512 1063 2554 (949l54)
1096 2511 1215 2544 minor
1258 2512 1306 2544 sit
1338 2523 1449 2554 quam
1490 2522 1562 2553 quo
1597 2511 1834 2543 Menedemus

285 2578 338 2607 ea,
366 2578 460 2611 quae
485 2574 591 2612 pater
618 2569 663 2601 ad
689 2570 898 2602 faciendum
926 2570 997 2603 sibi
1022 2571 1270 2613 proposuerit,
1298 2570 1500 2613 Clitiphoni
1525 2580 1675 2602 narrare
1701 2569 1834 2613 possit.

286 2627 358 2659 Sed
383 2632 425 2660 ut
456 2638 498 2660 03
523 2628 750 2670 omittamus⁷
778 2640 872 2671 quae
899 2640 1010 2672 supra
1040 2630 1108 2663 hac
1136 2629 1179 2662 de
1211 2640 1250 2662 re
1283 2629 1519 2673 exposuimus
1551 2633 1600 2672 (p.
1634 2631 1674 2661 17
1709 2640 1766 2663 an.
1787 2629 1834 2672 1),

290 2685 351 2717 hie
386 2686 538 2727 aceedit,
578 2687 678 2729 quod
708 2692 820 2730 poeta
851 2688 958 2722 nobis
993 2689 1215 2731 persuadere
1248 2689 1372 2721 studet
1400 2688 1647 2732 Cfitiphonem
1680 2699 1726 2721 ne
1758 2688 1834 2731 pati

286 2745 432 2786 quidem
458 2745 528 2778 sibi
554 2745 654 2778 intus
682 2746 806 2779 omnia.
832 2758 852 2779 3
882 2747 1099 2780 Menedemo
1126 2748 1280 2788 narrari⁷
1306 2747 1416 2779 immo
1442 2753 1484 2779 ut
1511 2758 1621 2789 quam
1648 2748 1834 2780 celerrime

285 2803 330 2835 ad
357 2810 499 2846 patrem
525 2805 647 2847 ipsum
665 2805 799 2847 veniat,
827 2806 1123 2839 exheredationis
1142 2807 1324 2839 vocabulo
1353 2806 1478 2839 audito
1497 2817 1580 2839 eum
1608 2817 1690 2839 cum
1711 2807 1833 2839 Mene-

285 2862 390 2895 demo
417 2864 516 2896 foras
543 2875 662 2903 ruere,
696 2870 738 2896 ut
763 2864 800 2896 in
828 2864 887 2897 via
912 2865 1055 2906 reliqua
1087 2866 1131 2898 ab
1167 2876 1208 2898 eo
1244 2865 1458 2908 comperiat.
1506 2866 1565 2898 An
1597 2866 1687 2898 alias
1715 2866 1832 2898 deela-
