2030 3266
828 283 1120 326 ...55--

201 418 308 458 pago
346 407 522 448 Aexona
563 405 654 458 ipso
699 405 865 447 doctam
908 415 1004 447 esse
1045 402 1236 456 dicimus,
1280 402 1397 443 cuius
1442 401 1541 454 pagi
1579 404 1742 453 partem

201 476 331 518 Halas
349 477 488 518 vicum
510 480 677 518 constat
700 475 845 517 fuisse.
872 475 1074 517 Aexonae
1092 473 1204 515 enim
1226 472 1337 514 sicut
1351 473 1393 513 in
1414 472 1556 513 multis
1574 472 1743 512 Atticae

200 547 322 600 pagis
355 546 579 589 Menandri
611 545 874 598 temporibus
906 546 1121 587 theatrum
1152 544 1287 586 tuisse
1309 555 1362 585 ex
1389 542 1526 584 titulis
1549 542 1655 584 satis
1678 547 1742 583 est

199 617 399 665 1101111111).
461 618 524 657 Ac
564 627 618 658 ne
652 615 842 667 Clarkiss)
885 615 1051 664 quidem
1088 614 1322 666 sententia,
1363 625 1457 655 cum
1498 614 1621 666 pagis
1660 612 1743 653 illis

200 688 365 729 fabulas
388 698 470 728 non
494 698 589 728 esse
612 685 758 728 doctas
791 690 966 728 censeat
987 685 1071 727 nisi
1102 698 1189 739 038,
1222 696 1330 735 quae
1352 688 1479 726 antea
1514 684 1558 724 in
1590 695 1744 725 scaena

201 759 362 799 urbana
399 758 485 798 sint
517 757 651 807 visae,
683 769 739 798 ne
770 757 881 798 hanc
913 756 1081 807 quidem
1113 756 1300 798 fabulam
1331 755 1511 807 primum
1545 757 1745 796 Aexonae

202 841 298 870 esse
341 828 508 870 doctam
549 827 786 879 credamus,
830 826 1093 878 impedimur.
1154 826 1355 868 Koertius
1388 824 1545 876 01111113)
1577 825 1744 866 omnino

204 899 295 940 fieri
329 911 412 940 non
446 911 571 951 posse
602 897 840 940 rectissime
873 897 1149 950 demonstrat,
1183 896 1349 939 etiamsi
1371 908 1464 937 cum
1491 894 1745 946 Apollodoro

202 970 437 1012 Menandro
478 967 567 1010 105
599 974 765 1010 tantum
804 968 1033 1009 tribuimus
1074 968 1254 1021 fabulaS,
1299 972 1345 1009 ut
1382 978 1526 1008 omnes
1565 965 1619 1006 32
1659 966 1743 1007 illis

201 1040 337 1092 annis,
378 1040 530 1091 quibus
571 1043 741 1081 constat
783 1038 1062 1080 Menandrum
1100 1038 1267 1080 fabulas
1306 1038 1518 1090 docuisse,
1558 1038 1600 1078 in
1641 1037 1744 1078 urbe

201 1117 321 1152 actae
354 1111 452 1164 sint,
492 1123 574 1161 qua
614 1122 668 1152 ex
706 1121 751 1150 re
793 1121 992 1161 magnam
1024 1113 1190 1161 partem
1221 1108 1460 1150 fabularum
1492 1113 1538 1149 ut
1569 1108 1744 1149 aliorum

200 1182 314 1223 illius
353 1182 508 1223 aetatis
551 1183 772 1232 poetarum
812 1179 873 1221 ita
912 1180 1136 1222 Menandri
1177 1184 1250 1221 aut
1288 1179 1456 1221 omnino
1494 1190 1576 1219 11011
1609 1185 1746 1219 actam

200 1258 273 1293 aut
303 1252 346 1292 111
379 1252 502 1305 pagis
534 1263 630 1293 esse
662 1250 829 1292 doctam
860 1250 952 1292 iure
984 1250 1207 1292 concludit.

320 1321 797 1364 Hautontimorumenos
830 1321 962 1373 igitur
983 1321 1254 1373 Terentiana,
1280 1325 1324 1362 ut
1345 1321 1491 1372 paucis
1514 1332 1603 1362 rem
1627 1319 1746 1361 modo

201 1393 436 1445 expositam
468 1392 812 1444 complectamur,
855 1390 1000 1433 fabula
1031 1403 1148 1433 mere
1180 1397 1246 1433 est
1278 1391 1443 1434 Graeca
1475 1389 1549 1444 ὅλη
1581 1390 1652 1429 καὶ
1684 1403 1747 1429 τε-

201 1469 293 1509 λεία
328 1468 521 1523 (Aristot.
553 1482 588 1510 a.
621 1482 660 1521 p.
693 1480 783 1520 cap.
817 1466 872 1520 7),
906 1480 1013 1518 quae
1037 1471 1080 1509 et
1102 1468 1462 1509 insolentissimae
1485 1468 1747 1519 petulantiae

201 1546 267 1582 est
301 1541 425 1591 plena
458 1551 594 1591 neque
627 1539 741 1581 seria
773 1537 982 1580 educandi
1016 1539 1263 1589 quaestione
1296 1544 1423 1580 caret.

412 1691 508 1749 Quo
541 1693 759 1745 tempore
793 1691 957 1734 fabula
990 1690 1270 1733 Menandrea
1303 1690 1441 1733 docta
1473 1691 1552 1732 sit.

318 1787 543 1838 Reliquum
561 1791 641 1840 est,
659 1792 705 1828 ut
723 1799 773 1829 ea
793 1786 982 1829 breviter
999 1786 1283 1833 absolvamus,
1305 1798 1412 1837 quae
1434 1799 1457 1829 e
1479 1787 1606 1828 rebus
1630 1786 1748 1827 modo

202 1859 406 1910 expositis
446 1858 498 1899 de
530 1857 655 1898 huius
687 1857 858 1900 fabulae
891 1861 983 1899 arte
1018 1857 1213 1899 scaenica
1248 1856 1510 1899 Menandrea
1552 1857 1749 1898 nimirum

202 1929 426 1981 discamus,
461 1941 554 1970 cum
587 1928 617 1969 ii
649 1928 731 1970 viri
764 1928 895 1981 docti,
931 1928 1002 1979 qui
1034 1927 1277 1980 nuperrime
1309 1928 1564 1979 exemplaris
1597 1927 1750 1970 Graeci

201 2000 383 2051 tempori
415 1998 654 2041 definiendo
686 2010 858 2050 operam
891 1998 1113 2050 dederunt,
1147 1998 1200 2039 ad
1232 1999 1368 2050 ipsam
1396 1998 1566 2040 fabulae
1595 1998 1750 2041 Teren-

202 2071 342 2112 tianae
376 2075 511 2111 artem
552 2070 861 2122 imperfectam,
896 2082 1021 2120 quam
1053 2073 1243 2121 censent,
1276 2074 1560 2111 recurrerunt.
1624 2069 1751 2111 Velut

203 2140 444 2193 Bethius4)‚
491 2152 586 2181 cum
630 2140 1111 2182 Hautontimorumenon
1163 2153 1187 2181 a
1247 2139 1479 2182 Menandro
1527 2139 1750 2182 admodum

203 2212 476 2253 adulescente
515 2211 799 2262 conscriptam
839 2223 935 2253 esse
977 2210 1093 2264 dicit,
1138 2222 1413 2262 personarum
1462 2223 1600 2253 mores
1646 2212 1749 2252 satis

206 2282 393 2324 tenuiter
415 2287 625 2333 narratos,
660 2293 764 2332 quos
787 2280 1020 2323 Teuffelius
1054 2281 1222 2332 quidem
1255 2281 1486 2323 arbitratus
1520 2281 1588 2331 sit,
1614 2281 1750 2324 affert.

322 2410 348 2452 ¹)
376 2409 513 2442 Omnes
539 2409 734 2441 titulorum
761 2410 874 2451 locos,
909 2409 1044 2451 quibus
1071 2411 1256 2442 theatrum
1283 2414 1320 2441 et
1345 2410 1519 2442 Aexonae
1546 2414 1582 2441 et
1607 2410 1644 2441 in
1671 2410 1752 2443 aliis

204 2468 309 2512 pagis
342 2467 457 2500 fuisse
490 2472 811 2509 commemoratur,
846 2468 998 2510 collegit
1024 2468 1241 2510 Mommsen,
1275 2468 1381 2501 Festo
1408 2469 1471 2500 der
1497 2467 1603 2500 Stadt
1628 2468 1751 2501 Athen

203 2539 236 2571 p.
263 2528 332 2560 350
359 2537 412 2568 sq.

323 2586 348 2628 2)
374 2585 587 2626 Menander,
614 2596 635 2618 a
662 2586 774 2628 study
795 2586 836 2618 of
858 2586 920 2619 the
947 2587 1178 2627 chronology
1196 2586 1238 2618 of
1259 2585 1316 2618 his
1343 2586 1417 2627 life,
1444 2586 1559 2618 01388.
1580 2586 1715 2619 Philol.
1734 2587 1752 2617 I

204 2646 327 2688 (1906)
353 2656 387 2687 p.
414 2645 493 2677 323.

324 2701 349 2745 3)
377 2703 672 2736 Inschriftliches
700 2715 765 2736 zur
793 2704 923 2738 Gesch.
952 2704 986 2736 d.
1014 2709 1080 2737 att.
1108 2704 1216 2736 Kom.
1234 2703 1272 2736 in
1289 2703 1385 2738 Mus.
1404 2704 1521 2737 Rhen.
1542 2704 1611 2736 LX
1630 2704 1752 2746 (1905)

204 2774 239 2806 p.
265 2763 344 2795 432.

322 2821 352 2863 ⁴²)
378 2820 446 2853 Die
473 2821 553 2854 Zeit
579 2822 613 2855 d.
632 2822 746 2855 Haut.
773 2832 808 2855 u.
831 2821 864 2856 d.
885 2821 1007 2854 Kolax
1023 2820 1242 2854 Menanders
1268 2821 1306 2853 in
1324 2821 1462 2853 Herma
1479 2822 1550 2853 vol.
1569 2821 1753 2855 XXXVII

205 2881 327 2925 (1902)
354 2891 388 2922 p.
414 2880 482 2912 278
509 2890 561 2922 sq.
