2030 3266
938 298 994 303 ..-
1058 276 1112 315 14
1175 297 1229 300 --

309 392 352 433 .in
393 403 592 433 scaenam
623 391 797 433 intrant.
859 392 1040 434 Bacchis
1074 392 1200 444 enim,
1241 403 1348 442 quae
1381 404 1473 433 cum
1507 392 1650 434 dolore
1683 394 1859 444 quodam

310 462 558 514 Antiphilae
578 466 737 515 narrat,
757 467 960 513 quantum
977 462 1148 503 intersit
1164 462 1278 503 inter
1294 462 1563 504 meretricem
1581 467 1624 505 et
1642 463 1861 505 mulierem

312 532 507 584 pudicam
538 532 611 573 uni
633 533 723 574 viro
753 532 941 574 deditam
953 532 998 585 1),
1032 532 1174 574 iacere
1196 543 1278 573 non
1300 537 1455 584 potest,
1490 533 1588 584 quin
1612 534 1702 575 eius
1726 546 1862 575 mores

313 603 487 645 summis
509 602 706 645 laudibus
730 602 894 655 efferat,
929 615 1035 654 quae
1059 603 1191 644 verba
1217 615 1242 644 a
1264 603 1399 644 Clinia
1421 603 1668 646 avidissime
1692 605 1863 646 auribus

314 674 618 726 percipiuntur.
672 673 782 726 Quid
816 674 927 715 enim
959 673 1096 726 magis
1128 677 1316 726 exoptat,
1350 686 1474 724 quam
1505 680 1552 716 ut
1583 675 1717 716 amica
1739 674 1863 716 fidem

313 743 622 789 servaverim>
687 743 797 796 Quin
843 744 927 785 iam
968 743 1059 785 fieri
1102 749 1255 796 potest,
1300 748 1347 785 ut
1392 745 1529 796 ipsam
1572 745 1864 797 amplectatur.

316 873 424 907 Burs.
451 874 529 905 rell.
555 872 684 905 XCHI
710 872 831 914 (1897)
846 883 880 915 p.
898 872 977 914 136)
993 872 1107 905 verba
1124 883 1314 905 recurrere
1328 872 1454 906 liceat:
1471 872 1542 914 „Es
1560 873 1609 905 ist
1624 872 1702 905 eine
1717 874 1866 915 gerade-

316 944 362 965 zu
386 932 568 964 ruhrende
598 932 723 973 Scene,
751 931 817 963 wie
843 931 900 963 die
927 931 1173 973 unschuldige
1198 931 1401 974 Antiphila,
1436 931 1493 964 die
1525 932 1620 964 noch
1654 943 1720 974 gar
1746 932 1868 964 nichts

317 992 356 1023 in
383 991 499 1023 ihrem
535 991 659 1023 Leben
685 1001 758 1022 von
785 991 886 1022 einer
910 990 1084 1023 meretrix
1109 991 1243 1032 gehort
1268 991 1343 1032 hat,
1376 991 1471 1022 ohne
1498 990 1696 1023 Bedenken
1721 991 1787 1023 mit
1812 991 1869 1023 ihr

316 1051 406 1092 geht
431 1049 507 1081 und
533 1049 738 1091 plaudert.“

437 1108 464 1151 ¹)
490 1108 547 1140 Ad
573 1118 721 1140 versum
756 1108 825 1139 384
859 1107 977 1150 „Nam
1008 1107 1107 1148 mihi,
1141 1109 1248 1150 quale
1283 1108 1473 1150 ingenium
1505 1109 1679 1150 haberes,
1714 1108 1785 1140 fuit
1816 1108 1869 1140 in-

319 1167 414 1200 dicio
452 1167 594 1199 oratio“
628 1167 666 1198 in
700 1166 827 1199 codice
858 1166 1037 1199 Bembino
1071 1167 1256 1210 ascriptus
1289 1167 1427 1209 legitur
1459 1178 1589 1200 versus
1621 1167 1696 1199 hic:
1729 1166 1870 1212 Ἀνδρὸς

314 1224 506 1272 χαρακτὴρ
535 1225 574 1260 ἐκ
601 1223 711 1271 λόγοι·
738 1228 951 1271 γνωρίζεται
979 1226 1063 1269 (143
1089 1226 1148 1268 Κ.)
1198 1227 1330 1268 Itaque
1362 1226 1559 1258 Bacchidis
1590 1226 1707 1269 ipsius
1734 1233 1871 1268 partes,

319 1295 544 1327 quamquam
570 1284 824 1326 Venedigerus
851 1290 887 1317 et
912 1285 1113 1317 Roetterus
1150 1296 1230 1317 eam
1263 1285 1359 1328 apud
1388 1285 1631 1317 Menandrum
1665 1285 1779 1318 fuisse
1810 1296 1871 1317 ne-

319 1347 421 1386 gant,
450 1354 532 1376 oum
551 1343 774 1386 Clitiphonis
800 1344 850 1386 (p.
875 1345 896 1375 8
923 1355 980 1377 an.
1005 1345 1037 1385 1)
1065 1348 1101 1376 et
1122 1344 1205 1385 Syri
1231 1344 1280 1386 (p.
1311 1345 1354 1375 10
1373 1355 1429 1377 an.
1451 1345 1484 1386 1)
1509 1343 1729 1386 fragmentis
1755 1354 1872 1376 exem·
1894 1341 1898 1344 ⁴

318 1402 431 1446 plaris
454 1402 586 1435 Graeci
612 1402 702 1445 ipsis
730 1407 888 1435 testatas
906 1403 1096 1436 habemus.
1128 1403 1257 1445 Neque
1284 1403 1380 1435 enini
1407 1403 1606 1446 quicquam
1631 1403 1754 1443 refert,
1776 1403 1873 1445 quod

320 1461 573 1503 Venedigerus
599 1462 622 1495 l.
649 1472 681 1493 s.
707 1472 743 1504 p.
773 1462 852 1503 131,
879 1466 921 1494 ut
947 1461 1161 1494 coniectura
1187 1462 1298 1494 huius
1325 1462 1475 1495 fabulae
1493 1462 1672 1494 adauctae
1691 1473 1759 1494 sua
1777 1468 1873 1493 stare

322 1521 452 1564 possit,
480 1532 562 1554 cum
588 1521 698 1553 Ihnio
725 1521 895 1564 (Quaest.
922 1522 1014 1562 Ter.,
1042 1521 1139 1554 Diss.
1166 1522 1320 1554 Bonnae
1349 1522 1438 1553 1843
1464 1532 1499 1564 p.
1517 1522 1561 1553 42
1576 1522 1670 1554 thes.
1692 1522 1750 1563 17)
1776 1521 1873 1552 hunc

324 1591 473 1612 versum
498 1584 541 1612 ut
567 1580 790 1612 sententiam
815 1581 1027 1621 generalem
1054 1591 1075 1612 a
1101 1580 1304 1615 scholiasta
1330 1580 1488 1623 quodam
1516 1580 1716 1623 ascriptam
1752 1579 1874 1612 abicit.

323 1639 418 1671 Nam
444 1650 489 1671 ne
515 1640 606 1671 haec
633 1639 781 1681 quidem
808 1638 887 1671 eius
915 1639 1059 1672 delendi
1085 1650 1197 1671 causa
1222 1639 1369 1672 videtur
1395 1639 1485 1672 satis
1512 1639 1621 1680 iusta,
1657 1640 1756 1682 quod
1781 1639 1875 1671 idem

324 1708 369 1730 ex
394 1698 606 1740 Arrephoro
633 1698 859 1730 Menandreo
886 1698 943 1739 (fr.
971 1699 1014 1730 72
1041 1698 1091 1739 K)
1119 1698 1282 1740 affertur,
1311 1709 1404 1740 cum,
1431 1704 1473 1730 ut
1498 1703 1597 1731 recte
1615 1698 1782 1731 Kockius
1802 1710 1876 1732 mo-

326 1762 399 1797 net,
426 1756 500 1789 tale
525 1757 764 1799 proverbium
797 1757 945 1800 saepius
978 1757 1095 1799 repeti
1127 1757 1302 1799 potuerit.
1352 1757 1489 1789 Parum
1522 1768 1608 1790 vero
1644 1763 1875 1791 constantem

327 1815 529 1848 Nencinius
556 1827 594 1848 se
620 1817 783 1858 praebet,
817 1816 891 1858 qui,
919 1827 1142 1858 quamquam
1176 1817 1255 1859 ipse
1288 1826 1435 1858 quoque
1467 1817 1565 1849 hunc
1590 1827 1738 1849 versum
1772 1818 1877 1859 quasi

327 1874 549 1907 sententiam
575 1876 786 1917 generalem
813 1876 858 1908 ab
885 1876 956 1908 hoc
981 1877 1062 1908 loco
1090 1876 1252 1908 alienum
1279 1880 1415 1917 censet,
1443 1880 1567 1908 tamen
1592 1876 1635 1909 fr.
1662 1876 1732 1909 inc.
1760 1877 1876 1909 645K

329 1930 417 1967 ὅταν
431 1931 535 1977 (χι-’σει
557 1933 594 1968 τὸ
613 1932 741 1972 κάλλος
757 1933 935 1982 ἑπικοσμῇ
951 1933 1080 1980 τρόπος
1094 1948 1258 1980 χρηστος,
1279 1936 1467 1972 διπλασίως
1487 1933 1504 1967 ὁ
1523 1933 1678 1980 προςιών
1697 1934 1877 1969 ἁλίσκεται

332 2012 375 2015 ——
402 1993 624 2025 sententiam
650 2004 739 2026 sane
765 2004 839 2026 non
864 1994 986 2026 minus
1013 1995 1223 2036 generalem
1249 1998 1360 2036 atque
1387 2004 1467 2026 eam
1493 1999 1615 2026 certae
1640 1994 1787 2027 fabulae
1805 2005 1878 2027 non

330 2051 564 2084 tribuendam
579 2071 621 2076 —-
643 2063 726 2084 cum
740 2052 916 2094 proximis
931 2053 1041 2085 huius
1057 2063 1211 2085 scaenae
1229 2053 1399 2085 versibus
1423 2058 1614 2096 comparat
1628 2053 1691 2095 (sc.
1711 2054 1779 2085 381
1800 2056 1877 2095 sq.)

450 2108 478 2153 2)
512 2111 668 2143 Bethius
701 2111 783 2147 (Die
817 2112 967 2144 antiken
1000 2112 1431 2153 Terenzfllustrationen,
1468 2112 1598 2146 Jahrb.
1631 2112 1663 2149 d,
1698 2113 1879 2145 archaeol.

331 2169 455 2202 Instit.
480 2169 615 2202 XVIII
643 2170 761 2214 (1903)
787 2182 822 2213 p.
849 2171 908 2213 95)
934 2171 1014 2203 iure
1040 2177 1164 2203 monet
1190 2172 1259 2203 hac
1285 2171 1322 2203 in
1349 2182 1482 2204 scaena
1509 2171 1676 2203 codicum
1702 2171 1880 2212 imagines

333 2239 354 2260 a
381 2227 565 2271 scriptura
591 2229 728 2261 tradita
754 2230 963 2271 abhorrere,
993 2241 1075 2262 eum
1101 2235 1250 2272 praeter
1274 2230 1436 2271 reliquas
1469 2240 1646 2272 personas
1674 2230 1834 2272 Clitipho
1861 2241 1880 2262 a

334 2287 427 2328 Syro
462 2287 634 2319 detentus
666 2287 714 2328 in*
737 2299 870 2321 scaena
903 2288 1164 2331 conspiciatur.
1215 2289 1344 2330 Neque
1376 2299 1464 2321 vero
1497 2290 1694 2321 nosham:
1727 2289 1772 2321 ob
1804 2299 1879 2320 rem

333 2346 523 2387 habemus,
543 2346 641 2388 quod
658 2348 772 2379 verba
791 2347 916 2388 „Syre
942 2347 1003 2388 vix
1029 2347 1182 2379 suffero:
1208 2348 1210 2389 ξ
1234 2347 1365 2379 hocine
1392 2358 1448 2379 me
1474 2347 1648 2382 miserum
1674 2358 1747 2379 non
1773 2347 1881 2380 lieere

333 2415 415 2437 meo
440 2405 549 2437 modo
575 2405 766 2447 ingenium
791 2406 866 2438 frui
891 2407 976 2448 (400
1002 2407 1109 2449 sq.)!“
1165 2406 1367 2448 Clitiphoni
1392 2406 1611 2438 tribuamus.
1648 2407 1747 2448 quod
1779 2417 1880 2449 prae-

334 2469 391 2496 ter
416 2464 578 2496 Fabrum
604 2469 640 2496 et
665 2464 839 2497 Bethium
858 2465 1060 2497 Nencinius
1087 2466 1253 2505 (Quaest.
1272 2466 1365 2507 Ter.,
1387 2465 1468 2497 Riv.
1496 2465 1532 2496 di
1550 2465 1637 2498 filol.
1656 2466 1749 2497 XXI
1763 2466 1883 2507 (1892)

335 2534 368 2565 p.
389 2523 473 2566 471)
491 2523 622 2565 voluit,
650 2523 708 2555 cui
728 2524 904 2556 Schleeus
922 2525 944 2556 l.
965 2535 992 2556 s.
1007 2535 1040 2566 p.
1064 2525 1127 2556 157
1151 2524 1384 2566 astipulatur.
1425 2524 1586 2566 Clitipho
1605 2524 1700 2556 enim
1717 2524 1883 2566 proxima

336 2592 469 2614 scaena
487 2587 643 2615 exeunte
663 2582 745 2624 Syri
770 2583 875 2615 iussu
895 2583 996 2624 abiit,
1025 2589 1063 2615 at
1089 2583 1207 2615 Clinia
1233 2583 1312 2615 iure
1340 2583 1448 2622 dolet,
1475 2583 1575 2624 quod
1598 2582 1713 2625 patris
1739 2583 1794 2615 ira
1819 2583 1882 2615 im-

336 2641 518 2683 pediatur,
556 2652 601 2673 ne
632 2642 750 2674 amica
792 2653 836 2675 ex
873 2648 998 2684 optato
1038 2642 1195 2675 fruatur.
1251 2642 1333 2681 Qua
1369 2641 1407 2673 in
1444 2652 1482 2673 re
1516 2642 1632 2683 Syrus
1661 2642 1781 2674 facere
1811 2652 1884 2674 non

337 2705 472 2742 potest,
499 2700 588 2743 quin
606 2700 639 2733 ei
659 2701 905 2734 asssentiatur
924 2701 1074 2742 veritus,
1101 2712 1147 2733 ne
1173 2706 1279 2744 pater
1298 2701 1320 2732 i.
1342 2711 1370 2734 e.
1390 2700 1628 2733 Menedemus
1646 2701 1706 2742 (cf.
1728 2701 1885 2741 Bentley

339 2759 385 2791 ad
418 2760 452 2793 h.
487 2760 510 2794 1,
537 2764 573 2792 et
597 2760 685 2802 Leo,
713 2760 835 2793 Goett.
865 2760 942 2793 Gel.
969 2762 1060 2793 Anz.
1090 2761 1179 2793 1903
1209 2771 1243 2802 p.
1270 2760 1338 2792 996
1368 2760 1407 2791 in
1442 2758 1551 2792 Bethi
1586 2760 1699 2801 praef.
1727 2760 1772 2791 ad
1806 2760 1885 2792 cod.

338 2819 464 2853 Ambr.
491 2820 527 2852 H
549 2820 591 2852 75
618 2819 681 2852 inf.
709 2821 767 2862 (F)
795 2820 939 2862 photot.
968 2819 1021 2853 ed.
1049 2821 1218 2861 censura)
1245 2819 1307 2851 diu
1333 2818 1444 2851 etiam
1470 2818 1581 2850 duras
1609 2829 1658 2852 sc.
1686 2829 1792 2850 aures
1820 2818 1886 2859 (sic

339 2878 603 2921 interpretatus
630 2885 685 2911 est
712 2879 855 2910 Vahlen
881 2878 919 2910 in
944 2879 1081 2911 Herma
1108 2879 1178 2910 vol.
1204 2878 1273 2910 XV
1298 2877 1420 2920 (1880)
1447 2888 1481 2920 p.
1509 2877 1593 2919 268)
1620 2877 1691 2910 det.
