2030 3266
782 300 1071 341 ,27-

157 419 313 461 auditis
336 419 489 461 nedum
513 419 641 461 vicini
658 419 855 470 precibus
873 419 1144 469 obsequatur,
1163 418 1306 461 facere
1323 431 1405 460 non
1424 423 1575 472 potest,
1600 419 1699 471 quin

158 502 251 531 eum
299 490 476 532 irrideat
517 489 641 531 dictis
682 489 799 530 hisce
841 488 962 530 modo
1001 501 1024 529 a
1058 487 1163 541 Syro
1199 489 1291 540 ipso
1330 490 1572 542 compertis:
1619 489 1702 541 „Et

156 561 274 602 illum
299 561 417 602 aiunt
432 560 542 601 velle
559 571 744 611 uxorem,
764 564 822 611 ut,
842 571 965 610 quom
984 559 1294 612 desponderim,
1325 559 1328 610 Ι
1358 560 1447 613 des,
1467 561 1537 612 qui
1554 573 1702 602 aurum

158 643 207 673 ac
245 636 408 673 vestem
447 635 573 680 atque
612 630 712 682 alia,
754 642 860 680 quae
899 641 1002 681 opus
1041 634 1158 682 sunt,
1199 635 1413 681 comparet
1451 629 1552 679 (845
1585 631 1704 682 sq.)·‘.

149 701 241 744 Sed
279 714 372 743 cum
406 700 692 753 Menedemus,
732 701 886 752 quippe
925 700 995 751 qui
1026 700 1102 741 filii
1133 700 1340 742 voluntati
1380 701 1581 743 resistere
1618 713 1701 742 non

160 772 314 814 audeat
351 769 453 824 (858
491 772 610 824 sqq),
654 783 749 812 eum
785 783 939 822 rogare
976 774 1142 825 pergat,
1182 776 1229 812 ut
1267 771 1541 813 nihilominus
1574 771 1703 813 filiam

160 847 336 895 nuptum
369 842 470 884 dare
502 854 548 884 se
575 842 758 894 simulet,
789 842 899 883 hanc
930 854 1020 883 rem
1042 841 1163 883 modo
1194 853 1367 893 prorsus
1389 847 1588 894 negatam
1614 854 1706 894 per-

161 913 287 955 ficere
308 925 391 955 non
414 918 617 965 gravatur
638 911 738 961 (864
761 912 917 965 sqq.)¹).
960 912 1092 953 lmmo
1119 916 1165 952 ut
1190 912 1370 962 „cautim
1394 918 1436 954 et
1460 911 1702 963 paullatim“

164 984 235 1026 det
277 984 381 1025 satis
424 983 505 1025 sibi
548 983 729 1025 confisus
776 983 1004 1024 abeuntem
1052 987 1194 1024 monet
1235 981 1373 1035 (870);
1421 982 1574 1024 deinde
1615 983 1708 1034 ipse

138 1054 420 1113 ¹laetissimus
453 1054 619 1096 domum
651 1054 794 1095 intrat.

826 1229 973 1271 Actus
1006 1230 1052 1272 V.

286 1338 403 1380 Sol
446 1336 720 1389 <sn—954).
789 1336 870 1379 Sed
919 1337 1059 1388 paullo
1108 1340 1202 1388 post
1244 1337 1540 1388 Menedemus,
1589 1349 1712 1387 quem

169 1422 355 1451 summus
394 1409 522 1450 Vlcini
562 1420 679 1449 error
718 1407 876 1449 diutius
914 1407 1065 1459 fugere
1105 1419 1187 1448 non
1227 1407 1381 1458 potuit,
1430 1407 1550 1448 domo
1587 1407 1712 1458 redit,

170 1486 214 1522 ut
257 1492 352 1522 eum
396 1479 448 1521 de
489 1484 579 1521 tota
619 1478 768 1520 fraude
810 1479 852 1519 in
895 1478 1033 1530 ipsum
1076 1489 1282 1519 conversa
1314 1478 1539 1519 certiorem
1572 1477 1713 1519 faciat.

172 1551 316 1602 Neque
347 1551 431 1592 iam
461 1549 555 1591 fieri
586 1553 740 1601 potest,
774 1550 872 1600 quin
897 1549 1113 1600 Chremes,
1147 1548 1217 1600 qui
1249 1560 1422 1589 uxorem
1445 1549 1670 1600 increpans
1686 1547 1717 1601 2)

172 1622 301 1663 modo.
324 1621 417 1673 ipse
449 1632 612 1671 quoque
645 1620 744 1669 exit,
778 1620 844 1660 his
877 1620 1004 1660 rebus
1037 1619 1265 1670 compertis
1298 1631 1470 1670 prorsus
1493 1619 1717 1671 frangatur

173 1699 299 1744 atqu-3
342 1692 659 1733 comminuatur.
726 1690 770 1732 ls
813 1691 942 1742 enim,
989 1691 1057 1740 qui
1100 1702 1269 1741 semper
1310 1690 1447 1730 omnia
1494 1693 1719 1740 perspecta

296 1881 322 1924 ¹)
349 1880 440 1912 Cum
466 1878 614 1911 Kleinio
641 1878 788 1919 (Gesch.
807 1878 838 1910 d.
856 1877 1013 1909 Dramas
1040 1877 1081 1908 ΙΙ
1106 1887 1139 1918 p.
1161 1876 1241 1917 600)
1269 1876 1514 1919 discrepantia
1540 1876 1608 1907 hos
1625 1875 1722 1907 inter

176 1943 278 1973 locos
316 1950 391 1971 non
429 1943 485 1971 est
511 1938 716 1971 statuenda.
767 1938 836 1969 Illo
863 1936 957 1969 enim
990 1936 1070 1968 loco
1099 1935 1272 1968 Chremes
1297 1935 1413 1976 timet,
1448 1945 1493 1967 ne
1519 1935 1722 1966 auctoritas

178 2010 246 2032 sua
272 2004 382 2041 atque
410 1998 571 2036 dignitas
597 1996 705 2028 nimis
732 1996 930 2036 minuatur,
959 1994 989 2026 si
1014 1994 1068 2026 illi
1094 1994 1190 2026 servi
1217 1994 1370 2027 consilio
1397 1994 1512 2034 cedat,
1546 1994 1615 2025 hoc
1641 1994 1721 2025 loco

178 2059 275 2091 idem
302 2059 346 2091 ab
374 2069 416 2090 eo
442 2056 535 2100 petit
560 2056 703 2088 vicinus
728 2055 817 2098 ipse,
845 2054 914 2096 cui,
940 2058 983 2086 ut
1009 2053 1126 2096 decipi
1152 2064 1190 2086 se
1218 2053 1364 2093 sineret,
1390 2058 1569 2094 quantum
1589 2052 1722 2094 potuit,

181 2123 289 2151 antea
319 2116 514 2160 persuasit.
565 2115 697 2156 Itaque
733 2125 815 2146 cum
847 2124 945 2145 nunc
980 2123 1022 2145 ea
1056 2113 1137 2155 ipsa
1168 2112 1271 2144 fraus
1303 2117 1447 2153 agatur,
1479 2111 1559 2143 fieri
1584 2111 1723 2153 nequit,

180 2184 222 2210 ut
259 2177 337 2219 ipse
374 2174 486 2207 vicini
524 2175 695 2216 precibus
742 2174 866 2205 obstet
911 2172 968 2213 (cf.
1007 2172 1075 2204 862
1129 2170 1288 2214 „Perfice
1330 2172 1400 2203 hoc
1441 2170 1490 2202 mi
1533 2176 1724 2212 perpetuo,

182 2236 403 2277 Chremes²‘).

300 2319 325 2360 Ξ)
351 2318 472 2349 Locus
510 2316 621 2348 huius
660 2314 868 2348 simillimus
906 2313 1087 2346 Rudentis
1122 2318 1179 2345 est
1215 2312 1276 2344 hic
1314 2313 1420 2353 (1202
1459 2313 1570 2354 sqq.):
1607 2311 1727 2351 „Quid

184 2375 397 2420 conspicor?
428 2380 432 2417 Ι
463 2376 564 2409 Uxor
599 2375 789 2417 complexa
827 2374 921 2405 collo
959 2372 1094 2405 retinet
1125 2372 1257 2413 filiam;
1287 2372 1290 2412 Ι
1318 2371 1427 2403 nimis
1462 2381 1577 2413 paene
1602 2370 1728 2413 inepta

184 2442 294 2480 atque
312 2436 440 2468 odiosa.
457 2434 535 2467 eius
555 2433 738 2466 amatiost.
762 2435 767 2474 l
793 2432 1022 2474 „Aliquando
1042 2431 1242 2464 osculando
1260 2430 1419 2471 meliust,
1444 2440 1548 2467 uxor,
1574 2440 1728 2472 pausam

183 2496 337 2536 fieril“'·‘,
384 2505 467 2527 cum
513 2504 557 2526 ex
593 2498 753 2534 utroque
796 2495 951 2524 matrem
996 2489 1331 2523 vehementissime*
1365 2489 1525 2530 gaudere
1573 2498 1727 2529 cognos-

186 2561 301 2596 catur,
327 2553 426 2597 quod
448 2552 525 2585 filia
551 2552 702 2584 inventa
721 2551 779 2592 sit,
802 2561 1035 2592 quamquam,
1058 2549 1157 2591 quod.
1179 2549 1254 2581 Leo
1276 2548 1441 2590 (Quaest.
1458 2548 1580 2580 Plaut.
1596 2558 1630 2588 p.
1646 2546 1728 2589 143)

186 2619 321 2654 monet,
361 2611 567 2645 Cistellaria
600 2616 753 2653 excepta
783 2609 820 2642 in
854 2609 1042 2642 comoedia
1073 2619 1170 2640 nova
1200 2608 1338 2649 ubique
1363 2612 1488 2649 patres
1514 2606 1650 2638 liberos
1676 2606 1729 2637 in-

186 2672 351 2705 veniunt.
433 2671 538 2710 Quod
588 2674 712 2702 autem
763 2669 936 2700 Chremes
994 2667 1054 2699 hic
1102 2677 1254 2699 uxorem
1310 2667 1501 2708 loquacem
1558 2665 1730 2707 appellat,

189 2742 272 2764 cum
298 2741 341 2762 ex
357 2731 460 2762 nullo
487 2730 635 2762 fabulae
660 2729 741 2760 loco
761 2727 839 2760 eius
858 2726 1064 2769 loquacitas
1083 2730 1258 2768 appareat
1277 2724 1336 2766 (cf.
1358 2724 1467 2765 Siess,
1494 2725 1517 2756 l.
1538 2734 1564 2757 s.
1583 2734 1617 2766 p.
1636 2724 1732 2766 259),

189 2792 280 2822 haec
299 2790 410 2822 verba
426 2799 502 2820 non
518 2788 702 2831 pertinere
720 2790 878 2829 possunt
897 2785 969 2817 nisi
990 2785 1035 2817 ad
1055 2784 1257 2816 Chremetis
1275 2793 1396 2815 mores
1416 2782 1732 2823 demonstrandos,

190 2849 325 2891 quippe
352 2847 424 2890 qui,
452 2858 535 2879 cum
561 2846 688 2879 alienis
715 2845 924 2885 auxilietur,
949 2844 986 2875 in
1013 2854 1165 2875 uxorem
1187 2842 1306 2885 ipsam
1325 2851 1467 2883 semper
1484 2841 1574 2873 satis
1601 2841 1731 2873 durum

190 2913 300 2950 atque
326 2907 505 2939 iniustum
531 2916 568 2938 se
594 2906 779 2948 praebeat.
