2030 3266
786 272 1075 311 —41—

158 391 297 433 subito
328 391 371 432 in
404 395 589 433 mentem
623 390 740 432 venit
773 402 867 432 eum
900 390 1033 441 patris
1065 388 1234 430 veniam
1257 388 1408 440 celare,
1441 400 1523 439 qua
1543 399 1590 429 re
1613 387 1703 428 sola

159 474 240 502 non
280 461 400 503 modo
440 461 575 502 ‹Jlinia
618 460 708 502 eius
748 460 858 501 domi
897 472 1069 502 manere
1111 459 1287 512 cogitur,
1335 458 1409 500 sed
1454 458 1583 500 etiam
1616 457 1704 499 effi-

159 533 283 583 citur,
323 536 369 573 ut
407 531 629 583 Antiphila
667 542 716 572 eo
757 531 890 582 possit
928 531 1023 572 duci
1061 530 1205 581 ibique
1244 529 1418 582 agnosci
1461 534 1588 580 atque
1620 540 1705 569 una

160 615 252 644 cum
292 615 341 644 ea
372 602 553 644 Bacchis
594 601 796 643 adveniat
827 601 851 642 i.
885 613 918 643 e.
951 605 997 642 ut
1029 613 1174 642 omnes
1206 600 1356 642 turbae
1389 603 1515 650 atque
1538 610 1705 640 errores

160 674 449 715 instituantur.
503 671 719 714 Chremeti
751 671 884 724 igitur
916 671 996 713 soli
1028 671 1192 722 reliqua
1224 670 1368 712 fabula
1401 670 1591 722 debetur,
1626 682 1706 720 qua

160 756 206 785 re
237 744 329 795 ipse
362 748 488 794 poeta
520 742 791 794 apertissime
823 742 985 783 indicat
1016 742 1128 784 hunc
1161 754 1306 784 senem
1339 741 1582 792 primariam
1614 740 1706 781 fore

160 814 330 856 fabulae
363 825 602 865 personam,
636 825 718 854 non
753 813 1063 861 Menedemum,
1097 812 1203 863 quod
1227 812 1270 853 hi
1299 811 1467 863 quidem
1490 811 1572 853 viri
1595 810 1706 851 docti

162 890 425 936 exspectant.
488 883 636 926 Nonne
670 884 749 925 hac
783 895 874 924 cum
914 895 960 924 re
993 883 1151 935 optime
1183 883 1390 935 congruit,
1425 881 1534 933 quod
1566 881 1708 923 Mene-

163 955 284 997 demo
315 955 357 996 in
391 955 535 996 fabula
566 954 660 1006 ipsa
689 966 741 996 ne
763 954 864 995 licet
891 954 1058 1005 quidem
1082 966 1222 996 coram
1243 953 1554 1004 spectatoribus
1577 951 1707 993 filium

163 1026 362 1078 salutare,
397 1026 467 1076 qui
507 1030 551 1066 ut
583 1024 745 1077 redeat,
789 1024 923 1066 solum
956 1027 1156 1075 exoptat?
1217 1025 1280 1065 Ac
1311 1035 1365 1065 ne
1396 1023 1496 1065 inde
1526 1022 1707 1074 quidem,

166 1097 273 1148 quod
312 1096 448 1148 prima
488 1108 642 1138 scaena
683 1095 808 1136 huius
840 1095 974 1147 ipsius
1008 1095 1121 1136 senis
1153 1106 1292 1136 mores
1325 1094 1507 1135 maxime
1541 1094 1708 1136 demon-

164 1171 367 1219 strantur,
401 1180 495 1208 eum
530 1166 751 1218 primarias
784 1170 927 1218 partes
961 1171 1151 1207 acturum
1184 1177 1280 1207 esse
1312 1163 1565 1206 concludere
1597 1164 1710 1206 licet.

164 1238 253 1280 Usu
297 1238 408 1280 enim
450 1237 628 1280 solemni
667 1237 711 1278 in
749 1237 816 1278 his
858 1236 1086 1278 comoediis
1129 1249 1212 1277 una
1244 1248 1337 1277 cum
1370 1236 1535 1277 actione
1567 1235 1711 1276 futura

166 1321 309 1351 earum
347 1320 624 1361 personarum
664 1319 802 1349 mores
845 1313 1131 1359 exponuntur,
1173 1319 1350 1358 quarum
1398 1318 1465 1348 res
1506 1305 1712 1357 imprimis

167 1384 361 1432 aguntur.
425 1379 543 1432 Quod
587 1391 680 1420 cum
713 1391 765 1420 ex
796 1379 876 1420 hac
907 1378 1000 1429 ipsa
1032 1377 1176 1419 tabula
1209 1377 1393 1419 dilucide
1426 1376 1711 1430 cognoscitur,

168 1451 285 1491 cuius
317 1450 453 1502 prima
486 1461 640 1492 scaena
672 1453 843 1500 praeter
876 1448 1118 1490 Menedemi
1151 1449 1278 1490 etiam
1312 1447 1551 1489 <¹hremetis
1575 1458 1713 1488 mores

168 1520 420 1573 indicantur,
460 1521 504 1561 in
543 1521 678 1562 altera
715 1520 869 1562 iterum
909 1519 1161 1571 (⁷¹hremetis,
1200 1519 1242 1560 iu
1282 1519 1412 1560 tertia
1445 1517 1713 1569 (¹litiphonis,

171 1592 431 1643 Antiphilae‚
478 1591 719 1643 Bacchidis,
762 1590 805 1631 in
850 1594 1000 1641 quarta
1043 1589 1219 1642 Cliniae,
1259 1595 1347 1630 tum
1380 1594 1426 1629 ut
1458 1588 1510 1630 de
1542 1587 1714 1636 reliquis

170 1675 251 1704 non
286 1663 488 1714 dicamus,
522 1674 574 1704 ex
596 1661 873 1713 Mostellaria,
907 1660 1212 1711 Menaechmis,
1237 1660 1437 1709 Poenulo,
1459 1657 1715 1711 Pseudulo¹)

171 1733 393 1784 Plautinis,
429 1733 581 1784 quibus
614 1733 656 1773 in
688 1732 845 1773 fabulis
880 1737 973 1783 post
1006 1731 1217 1783 propriam
1252 1730 1429 1771 actionis
1457 1729 1625 1771 futurae
1648 1741 1716 1770 ex-

175 1804 425 1855 positionem
464 1815 540 1845 eae
579 1815 760 1845 scaenae
792 1803 1082 1853 inveniuntur,
1117 1801 1268 1852 quibus
1301 1801 1361 1842 nil
1394 1800 1484 1842 iere
1517 1800 1600 1841 nisi
1631 1800 1713 1852 ipsi

172 1886 446 1926 personarum
464 1886 601 1916 mores
625 1874 951 1916 demonstratur.
1005 1872 1113 1925 Quin
1143 1872 1212 1914 vel
1240 1871 1352 1921 inde,
1386 1871 1494 1921 quod
1519 1870 1716 1912 Chreme-

171 1946 228 1986 tis
261 1945 404 1987 verbis
437 1945 700 1996 petulantiae
732 1944 871 1996 plenis
917 1942 1016 1994 (199
1050 1944 1155 1994 sqq.)
1188 1942 1350 1983 Cliniae
1383 1942 1599 1994 negotium
1634 1941 1717 1982 iam

175 2016 227 2057 ad
269 2016 393 2058 finem
440 2016 689 2068 perductum
735 2015 840 2057 satis
879 2014 1105 2056 artificiose
1150 2018 1420 2066 propagatur,
1468 2012 1719 2053 concludere

173 2087 274 2129 licet
314 2087 439 2128 huius
485 2086 654 2138 quidem
703 2086 991 2127 adulescentis
1040 2097 1128 2125 rem
1175 2088 1341 2135 poetam
1386 2095 1467 2123 non
1513 2081 1719 2133 imprimis

176 2157 227 2198 ad
260 2156 528 2198 tractandum
563 2157 643 2198 sibi
677 2156 962 2208 proposuisse,
995 2155 1121 2196 immo
1155 2166 1202 2196 30
1225 2154 1277 2195 ad
1304 2153 1510 2204 reliquam
1533 2152 1720 2193 fabulam

176 2227 468 2269 sustinendam
506 2239 610 2278 opus
643 2238 750 2268 esse.
806 2218 935 2268 'Hanc
973 2230 1113 2267 autem
1146 2225 1351 2275 reliquam
1384 2223 1572 2264 fabulam
1605 2222 1721 2264 Cliti-

109 2327 112 2330 *
178 2299 330 2350 phonis
379 2304 630 2351 argumento
682 2297 869 2339 nisuram
924 2309 1019 2338 esse
1072 2308 1121 2338 ea
1172 2307 1218 2337 re
1270 2294 1559 2342 confirmatur,
1614 2292 1721 2344 quod

177 2369 335 2411 eisdem
386 2369 500 2411 senis
544 2369 687 2411 verbis
736 2368 921 2419 (¹litipho
967 2379 1015 2409 eo
1063 2366 1304 2417 adducitur,
1361 2370 1407 2406 ut
1459 2368 1722 2415 spectatores

179 2439 230 2481 de
275 2452 348 2481 suo
396 2451 537 2481 amore
581 2439 784 2481 certiores
829 2438 970 2490 faciat,
1017 2438 1041 2478 i.
1087 2449 1122 2478 e.
1167 2449 1261 2478 cum
1306 2436 1441 2487 prima
1486 2445 1640 2476 scaena
1673 2445 1723 2475 ea

180 2510 463 2562 proferantur,
507 2521 614 2560 quae
656 2513 755 2550 ante
800 2508 988 2550 fabulam
1026 2508 1161 2559 ipsam
1195 2507 1309 2548 facta
1348 2509 1459 2557 sunt,
1504 2510 1547 2546 ut
1590 2510 1723 2546 totam

180 2581 350 2622 fabulae
384 2581 551 2622 futurae
584 2580 873 2622 condicionem
906 2583 1100 2630 exponat.

298 2651 446 2702 Itaque
478 2651 521 2692 id
555 2650 662 2702 quod
696 2650 817 2691 modo
849 2662 871 2690 e
906 2648 1002 2702 Syri
1039 2648 1221 2689 fallaciis
1252 2648 1295 2688 in
1329 2646 1575 2697 Antiphilae
1608 2646 1725 2698 agni-

181 2723 294 2764 tione
326 2721 475 2773 positis
508 2721 794 2774 cognovimus,
829 2720 915 2761 scil.
962 2718 1122 2759 Cliniae
1154 2718 1368 2770 negotium
1398 2717 1448 2757 ad
1473 2715 1725 2767 Clitiphonis

302 2872 327 2916 1)
354 2873 441 2914 Leo,
469 2873 618 2913 Quaest.
645 2872 767 2904 Plaut.
793 2882 852 2913 pp.
882 2870 959 2912 176,
988 2870 1066 2911 186,
1094 2870 1171 2910 190,
1199 2869 1276 2901 196.
