2030 3266
206 395 323 436 nulla
370 408 416 437 re
460 394 635 436 retineri
678 397 837 445 potest,
881 404 934 434 ne
981 392 1033 433 ad
1082 396 1247 443 patrem
1291 397 1550 443 revertatur,
1596 390 1750 432 nedum

209 466 476 507 meretricem
517 465 633 506 illam
675 463 1016 515 procacissimam
1064 474 1183 503 suam
1232 473 1327 504 esse
1375 463 1552 504 amicam
1594 461 1751 503 diutius

207 536 409 578 simulare
441 535 557 577 velit.
621 534 757 586 Quam
789 534 840 575 ob
873 544 962 574 rem
996 531 1101 585 Syro
1134 536 1200 575 est
1229 532 1545 585 perficiendum,
1575 537 1621 573 ut
1647 533 1751 573 Bac-

207 598 548 658 chidem,'quae
597 603 734 645 adhuc
781 603 886 645 satis
933 606 1023 644 tuto
1071 602 1115 643 in
1160 602 1399 645 Chremetis
1442 602 1617 645 aedibus
1659 606 1752 644 erat

206 680 392 729 versata,
435 675 675 727 suspicione
716 686 799 716 non
840 677 953 715 mota
995 685 1118 724 quam
1160 673 1380 715 celerrime
1423 673 1542 714 domo
1585 672 1751 724 educat,

207 759 288 798 qua
327 759 372 788 re
411 746 538 788 etiam
578 746 690 787 viam
729 745 845 786 illam
882 744 1097 796 relinquit,
1132 756 1213 795 qua
1244 748 1467 795 argent-um
1500 744 1750 794 promissum

205 818 475 859 inventurum
508 829 554 858 se
587 828 682 858 esse
715 815 918 867 speravit.
970 816 1126 865 Jtaque
1158 814 1406 865 Antiphilae
1428 814 1645 867 agnitione
1669 814 1749 855 etsi

207 888 368 929 Cliniae
401 887 618 939 negotium
651 886 705 928 ad
737 885 863 927 finem
896 885 1155 940 perducitur,
1189 890 1331 927 tamen
1364 885 1533 936 propria
1566 885 1674 926 actio
1706 885 1748 925 in

207 958 303 1011 Syri
335 958 519 999 fallaciis
553 957 692 1010 posita
724 957 766 997 in
800 968 971 1008 prorsus
1004 956 1130 997 aliam
1163 959 1328 1007 partem
1361 955 1635 1006 convertitur,
1669 968 1749 1006 qua

205 1041 257 1070 ex
288 1040 334 1070 re
367 1028 473 1070 satis
511 1028 781 1080 cognoscitur
818 1031 981 1078 poetam
1027 1027 1108 1068 hac
1140 1026 1181 1066 in
1215 1026 1358 1067 fabula
1390 1026 1607 1077 agnitione
1630 1027 1749 1077 quasi

204 1099 414 1151 peripetia
439 1099 514 1151 uti,
544 1111 637 1139 cum
661 1111 709 1140 ea
742 1098 784 1139 in
817 1097 993 1148 reliquis
1015 1097 1140 1138 huius
1163 1097 1333 1149 generis
1361 1096 1516 1138 fabulis
1540 1096 1748 1138 Plautinis

204 1176 247 1210 et
278 1169 548 1211 Terentianis
581 1172 712 1210 totum
746 1167 897 1210 nodum
933 1167 1088 1210 erroris
1121 1167 1226 1209 solvi
1260 1179 1382 1208 nemo
1414 1167 1588 1209 nesciat.
1604 1166 1630 1220 ¹)

321 1239 478 1292 Quodsi
513 1239 760 1292 diligentius
792 1239 833 1280 in
868 1239 978 1280 hanc
1008 1250 1099 1280 rem
1130 1238 1394 1291 inquirimus,
1428 1250 1523 1279 mox
1555 1245 1745 1289 apertum

204 1311 252 1351 fit
294 1323 377 1352 non
429 1323 525 1352 esse
575 1311 685 1352 hanc
728 1308 825 1362 Syri
868 1309 1138 1351 consiliorum
1184 1309 1448 1361 peripetiam,
1494 1309 1567 1350 sed
1613 1309 1748 1351 videri

205 1386 380 1423 tantum.
449 1380 555 1422 Nam
594 1380 702 1432 quod
742 1380 897 1422 attinet
934 1379 987 1421 ad
1026 1380 1308 1432 Chremetem,
1348 1391 1498 1421 servus
1536 1379 1608 1421 ille
1640 1380 1748 1422 sicut

202 1452 340 1493 adhuc
383 1452 555 1493 simulat
595 1451 852 1493 Bacchidem
893 1450 1055 1492 Cliniae
1097 1462 1193 1493 esse
1232 1450 1424 1502 amicam,
1464 1463 1544 1501 qua
1583 1451 1747 1492 ratione

203 1535 295 1564 eam
328 1522 420 1564 sine
452 1522 638 1573 periculo
660 1521 901 1564 Menedemi
924 1521 1092 1562 domum
1114 1521 1310 1563 traducit.
1363 1522 1426 1562 Ac
1448 1533 1559 1562 nunc
1581 1521 1745 1562 demum

202 1592 374 1635 efficere
397 1598 550 1644 potest,
585 1598 630 1633 ut
662 1592 858 1644 Clitipho,
892 1604 1015 1643 quem
1047 1596 1187 1644 antea,
1211 1604 1265 1634 ne
1288 1592 1455 1644 argenti
1476 1592 1747 1643 comparandi

201 1663 374 1705 consilio
405 1663 708 1715 impedimento
731 1668 860 1716 esset,
893 1663 1014 1704 domo
1037 1663 1130 1714 ipsa
1152 1663 1348 1715 extrusit,
1376 1663 1511 1704 amica
1533 1674 1584 1704 ex
1605 1668 1746 1714 optato

200 1735 377 1786 fruatur,
423 1746 517 1775 cum
561 1733 747 1786 perficit,
793 1738 838 1775 ut
882 1734 964 1785 ipsi
1010 1734 1231 1785 pecuniam
1277 1733 1329 1774 ad
1375 1745 1466 1775 eam
1512 1733 1746 1776 transferre

199 1805 336 1846 liceat.
399 1805 522 1846 Hanc
555 1816 655 1846 vero
688 1817 893 1845 summam
926 1808 1101 1856 propter
1131 1804 1173 1845 id
1196 1804 1333 1855 ipsum
1356 1816 1380 1845 a
1403 1815 1505 1845 sene
1533 1804 1744 1857 impetrat,

200 1875 306 1926 quod
342 1876 606 1927 Antiphilam
630 1875 833 1917 Bacchidi
857 1875 1055 1917 arraboni
1079 1887 1175 1917 esse
1198 1874 1340 1916 datam
1363 1880 1463 1916 ante
1486 1875 1745 1927 agnitionem

201 1946 427 1987 simulavit.
501 1946 661 1997 Jtaque
705 1957 815 1986 nunc
859 1945 1053 1997 tandem,
1099 1958 1193 1987 cum
1238 1945 1460 1996 Antiphila
1503 1945 1649 1997 agnita
1692 1942 1744 1984 ad

199 2017 309 2057 hanc
342 2028 432 2057 rem
464 2015 766 2067 perficiendam
798 2016 860 2056 uti
883 2019 1036 2068 potest,
1071 2016 1158 2058 scil.
1182 2016 1273 2057 seni
1296 2015 1439 2058 dicere
1458 2015 1586 2056 filiam
1609 2016 1744 2067 ipsam

200 2087 345 2128 decem
368 2086 464 2127 illas
488 2087 624 2128 minas
647 2087 859 2128 meretrici
883 2087 1052 2139 debere,
1078 2087 1184 2128 satis
1205 2090 1305 2138 apte
1328 2098 1421 2128 eum
1445 2086 1498 2127 ad
1521 2092 1744 2138 argentum

200 2156 382 2198 dandum
416 2156 611 2209 impellit,
646 2169 771 2208 quam
802 2157 995 2199 fraudem
1026 2162 1073 2198 ut
1104 2156 1157 2198 ad
1180 2156 1306 2199 finem
1328 2157 1595 2209 perduceret,
1619 2160 1745 2198 antea

200 2232 266 2269 ter
308 2226 470 2268 frustra
513 2228 656 2269 enisus
702 2231 768 2269 est
812 2227 911 2277 (512
958 2240 1061 2280 sqq,
1104 2226 1190 2267 598
1235 2240 1338 2280 sqq.,
1382 2227 1466 2269 611
1500 2226 1589 2280 sq.).
1652 2227 1745 2268 Huc

198 2297 376 2349 accedit,
412 2298 519 2349 quod
553 2299 591 2339 ei
624 2310 735 2340 nunc
767 2298 935 2340 demum
958 2298 1181 2351 contingit,
1204 2303 1251 2340 ut
1271 2298 1313 2339 id
1340 2298 1449 2349 quod
1471 2311 1495 2339 a
1519 2298 1745 2339 Chremete

199 2368 343 2410 facere
381 2369 521 2410 iussus
559 2373 647 2421 est,
687 2369 776 2410 scil.
815 2369 1112 2411 Menedemum
1151 2368 1322 2421 fallere,
1361 2381 1456 2411 cum
1495 2381 1569 2410 suo
1611 2369 1743 2420 ipsius

200 2439 375 2481 consilio
413 2451 586 2490 prorsus
625 2439 870 2492 confundat,
911 2439 1020 2490 quod
1062 2443 1189 2482 antea
1230 2440 1291 2481 ita
1334 2443 1500 2481 tantum
1540 2438 1743 2490 perficere

199 2514 373 2551 conatus
407 2514 486 2562 est,
520 2513 565 2550 ut
598 2510 681 2552 sibi
711 2510 754 2551 in
787 2510 926 2552 animo
959 2523 1055 2553 esse
1084 2510 1247 2552 diceret
1270 2510 1565 2552 Menedemum
1598 2521 1645 2551 eo
1674 2508 1744 2550 ad·

199 2579 368 2624 ducere,
408 2584 455 2621 ut
493 2580 760 2632 Antiphilam
803 2581 922 2631 quasi
961 2581 1175 2633 captivam
1214 2581 1382 2622 Cariam
1420 2586 1591 2622 emeret.
1653 2578 1743 2632 Quo

197 2649 372 2691 consilio
409 2651 636 2711 =repudiato
676 2655 776 2692 tunc
826 2652 932 2692 satis
974 2651 1202 2703 gaudebat,
1245 2650 1354 2701 quod
1396 2650 1486 2692 eius
1528 2649 1638 2691 haud
1683 2650 1742 2691 ita

315 2812 343 2855 ¹)
370 2812 495 2854 Andr„
524 2813 638 2856 Capt.‚
667 2813 759 2855 Cas.,
787 2813 887 2855 Gist„
915 2813 1032 2855 Curc.,
1059 2813 1175 2856 Epid.‚
1196 2813 1299 2854 Emi„
1326 2813 1426 2854 Hec.,
1455 2812 1743 2855 Men.,Ph0r1n.,

196 2871 323 2911 Poen„
350 2871 457 2913 Eud„
483 2871 564 2905 Vid.
592 2872 637 2904 cf.
663 2872 751 2913 Leo,
778 2873 800 2904 l.
828 2883 856 2905 s.
883 2883 916 2914 p.
946 2872 1011 2904 142
1039 2883 1091 2914 sq.
