2030 3266
797 270 1084 311 —51-.

173 394 371 436 Pseudoli
416 399 457 434 ct
502 392 757 434 Bacchidum
808 390 1003 442 ‹mrysali
1055 388 1236 430 fallaciis
1288 388 1586 440 argutissimis,
1639 387 1712 429 sed

175 464 412 507 Chremetis
454 474 597 506 errore
637 462 792 512 ubique
837 471 1101 510 summopere
1140 458 1419 511 delectamur,
1461 459 1521 500 ita
1557 462 1713 510 tamen,

174 541 220 577 ut
261 534 459 587 gaudium
500 536 692 575 nostrum
736 543 829 572 cum
874 529 1163 572 misericordia
1207 529 1385 580 quadam
1418 541 1519 571 vere
1557 527 1716 570 comica

176 590 558 656 commixtum‘sit,
601 601 711 653 quod
751 601 800 653 is,
846 600 914 652 qui
954 604 1041 642 tam
1079 600 1331 652 prudentem
1370 611 1416 642 se
1454 603 1587 652 putat,
1630 604 1716 640 tam

175 676 452 718 vehementer
482 674 576 726 ipse
608 672 782 714 fallitur.
845 671 939 724 Syri
974 671 1107 724 igitur
1139 670 1474 713 machinationes
1507 682 1589 711 non
1622 681 1716 712 esse

177 746 258 788 nisi
297 745 468 787 fabulae
500 743 621 795 quasi
654 755 763 795 ossa,
806 742 957 793 quibus
993 741 1133 783 omnia
1165 741 1469 793 sustineantur,
1503 740 1718 792 apertissi-

179 829 287 858 mum
322 820 400 868 est,
444 828 524 866 qua
557 813 609 856 de
642 825 767 856 causa
799 813 943 854 fabula
987 812 1093 864 ipsa,
1127 817 1173 854 ut
1209 817 1354 854 nostro
1392 823 1585 854 sermone
1630 816 1720 852 uta-

177 900 282 935 mur,
330 885 695 928 Charakterstiick
738 884 831 925 iure
868 883 1121 935 appellatur,
1169 895 1252 924 non
1293 882 1629 935 Intrigenstiick,
1675 889 1721 922 ut

178 956 410 1000 Teuffelius
443 955 611 1008 quidem
644 954 787 997 voluit.

298 1027 429 1069 Simul
461 1032 603 1068 autem
635 1029 894 1077 quantopere
923 1023 1218 1076 Venedigerus
1250 1023 1473 1076 erraverit,
1507 1022 1723 1075 apertissi-

181 1111 291 1140 mum
324 1103 389 1140 est
421 1098 591 1140 factum.
653 1095 733 1150 Qui
756 1108 849 1138 cum
873 1094 972 1148 Syri
1005 1094 1186 1136 fallaciis
1210 1094 1388 1137 abiectis
1412 1095 1471 1136 nil
1499 1093 1724 1136 retinuerit

181 1169 262 1211 nisi
299 1169 470 1211 fabulae
509 1180 672 1220 corpus,
714 1172 760 1208 ut
800 1167 860 1208 ita
892 1165 1043 1219 dicam,
1086 1170 1227 1208 tamen
1261 1165 1492 1207 Menandro
1525 1177 1571 1206 se
1603 1164 1726 1206 satis-

181 1240 323 1282 facere
361 1243 483 1291 putat
513 1239 631 1280 hisce
663 1238 689 1279 l.
722 1250 753 1279 8.
786 1251 824 1290 p.
859 1235 960 1278 135:
1006 1236 1173 1289 „Allein
1212 1236 1304 1279 dies
1336 1236 1478 1278 musste
1510 1236 1603 1277 hier
1635 1234 1724 1276 sich

183 1310 338 1353 anders
361 1309 592 1363 gestalten,
617 1321 739 1351 wenn
764 1309 840 1350 der
862 1308 1042 1349 Dichter
1064 1307 1189 1349 einen
1212 1307 1302 1348 sich
1326 1307 1461 1349 selhst
1487 1305 1726 1358 qualenden

184 1381 312 1423 Alten
353 1380 435 1422 und
475 1380 544 1422 die
583 1380 737 1421 daraus
781 1378 1146 1431 entspringenden
1179 1377 1426 1419 komischen
1461 1376 1726 1418 Situationen

184 1452 225 1493 in
259 1451 340 1494 den
373 1450 677 1502 Vordergrund
710 1450 877 1502 stellen,
918 1461 1042 1491 wenn
1076 1461 1134 1501 er,
1180 1461 1248 1489 um
1281 1460 1326 1490 es
1358 1449 1464 1489 kurz
1497 1460 1544 1489 zu
1580 1458 1726 1500 sagen,

186 1522 340 1564 einmal
377 1522 478 1564 kein
511 1521 736 1574 Intrigen-,
776 1520 959 1562 sondern
998 1519 1067 1562 ein
1101 1519 1465 1561 Charakterstiick
1504 1517 1727 1560 schreiben

186 1593 340 1635 wollte.
404 1592 484 1633 Ein
529 1592 696 1634 solches
737 1593 840 1634 aber
877 1591 1016 1633 haben
1056 1591 1136 1632 wir
1175 1590 1242 1632 bei
1282 1589 1518 1631 Menander
1559 1599 1729 1630 voraus-

186 1663 429 1706 zusetzen“.
491 1663 672 1705 Actione
705 1663 831 1715 enim,
865 1673 1024 1714 errore,
1057 1661 1195 1702 turbis
1228 1673 1281 1703 ne
1313 1672 1363 1702 ea
1387 1659 1555 1711 quidem
1587 1658 1731 1700 fabula

187 1746 332 1776 carere
350 1739 526 1786 postest,
545 1745 666 1786 quae,
680 1738 726 1775 ut
743 1733 1220 1775 Hautontimorumenos
1234 1731 1505 1782 Terentiana,
1525 1729 1577 1771 ad
1593 1741 1732 1781 perso·

187 1817 336 1846 narum
368 1817 506 1847 mores
539 1803 891 1847 demonstrandos
921 1803 1128 1856 imprimis
1161 1803 1361 1854 pertinet,
1397 1812 1532 1852 neque
1564 1800 1616 1841 ad
1649 1806 1732 1842 tra-

189 1876 383 1928 goediam
415 1876 546 1917 solam
579 1879 777 1927 spectant
798 1874 1048 1916 Aristotelis
1080 1875 1214 1915 verba
1246 1873 1368 1915 haec:
1397 1870 1484 1911 “Era
1517 1871 1621 1910 ἄνευ
1652 1868 1732 1921 μὲν

193 1947 382 1999 πράξεως
405 1946 480 1985 οὐκ
512 1941 566 1985 ἂν
597 1948 760 1996 γένοιτο
793 1944 1014 1999 τραγῳδία,
1049 1945 1153 1984 ἄνευ
1176 1940 1340 1999 δ’ήθῶν
1372 1938 1525 1993 γένοιτ’
1548 1942 1601 1981 ἄν
1622 1942 1671 1992 (a.
1695 1954 1732 1993 p.

191 2029 279 2068 cap.
312 2016 353 2070 6)
399 2021 442 2059 et
485 2015 576 2071 (τὴν
620 2018 818 2056 σύστασιν
864 2021 944 2054 τῶν
988 2013 1266 2068 πραγμάτων)
1314 2010 1462 2069 ἐπειδὴ
1502 2017 1626 2052 τοῦτο
1663 2010 1734 2050 καὶ

195 2092 364 2140 πρῶτον
395 2086 465 2126 καὶ
496 2089 693 2138 μέγιστον
724 2089 796 2143 τῆς
826 2086 1058 2141 τραγῳδίας
1090 2082 1204 2125 ἐστίν
1236 2084 1350 2137 (ibid.
1384 2097 1473 2136 cap.
1508 2085 1558 2135 7).

310 2157 400 2199 Iam
433 2163 654 2210 postquam
682 2157 883 2200 Chremes
917 2169 1051 2210 poena
1084 2156 1263 2199 affectus
1296 2160 1361 2198 est
1393 2154 1460 2207 (V,
1487 2154 1541 2208 1),
1574 2153 1634 2195 nil
1667 2165 1736 2195 ex·

194 2233 412 2280 spectatur
442 2229 525 2270 nisi
556 2232 603 2270 ut
635 2228 818 2281 Clitipho
851 2233 978 2280 atque
1011 2227 1143 2280 Syrus
1182 2227 1264 2280 ipsi
1298 2238 1463 2278 quoque
1495 2225 1735 2277 puniantur,

195 2299 349 2351 quippe
394 2299 463 2350 qui
505 2299 630 2341 nimis
672 2299 763 2341 fere
806 2311 952 2342 senem
994 2298 1219 2340 illuserint.
1292 2297 1442 2348 Itaque
1490 2307 1610 2337 nemo
1653 2306 1769 2353 non·

196 2370 400 2412 concedet
443 2374 540 2422 post
580 2370 691 2412 hanc
732 2382 930 2412 scaenam
968 2369 1113 2411 statim
1154 2368 1345 2410 ultimam
1382 2367 1552 2408 fabulae
1584 2365 1737 2407 Teren-

196 2441 339 2484 tianae
371 2452 496 2492 posse
528 2445 710 2493 exstare,
745 2453 826 2492 qua
847 2441 954 2482 haec
977 2439 1193 2482 comoedia
1214 2439 1268 2480 ad
1290 2443 1433 2490 patres
1455 2435 1737 2478 instituendos

196 2512 417 2563 pertinens
449 2517 549 2563 apte
580 2511 764 2553 finiatur.
825 2509 909 2553 Sed
941 2510 1096 2552 nedum
1128 2522 1211 2551 una
1244 2521 1397 2552 scaena
1430 2508 1574 2549 fabula
1605 2506 1740 2548 absol-

198 2586 335 2634 vatur,
378 2581 571 2624 omnibus
608 2581 929 2634 inopinantibus
967 2593 1074 2623 nova
1123 2580 1236 2623 servi
1278 2579 1448 2621 fallacia
1491 2577 1739 2629 instituitur,

200 2665 281 2703 qua
312 2651 425 2694 facta
457 2652 659 2694 Chremes
691 2652 803 2694 idem
833 2664 857 2693 a
878 2651 964 2693 filio
993 2651 1193 2703 postulat,
1228 2650 1336 2701 quod
1360 2649 1504 2691 statim
1527 2648 1741 2700 postulare

201 2727 341 2775 potest
378 2722 464 2764 scil.
497 2727 542 2764 ut
574 2722 798 2765 meretrice
837 2721 1032 2764 abdicata
1064 2733 1238 2763 uxorem
1270 2720 1407 2762 ducat.
1469 2719 1619 2770 Itaque
1650 2718 1742 2759 iure

202 2793 455 2845 quaerimus,
499 2805 573 2835 cur
606 2793 809 2835 Chremes
842 2792 1033 2844 quamvis
1072 2803 1227 2844 magna
1263 2791 1326 2832 ira
1363 2790 1542 2832 affectus
1574 2789 1740 2831 omnino

202 2863 372 2906 simulet
403 2875 448 2905 se
480 2863 611 2905 filium
644 2863 899 2906 exheredem
931 2862 1099 2915 fecisse,
1133 2874 1214 2913 qua
1245 2873 1291 2903 re
1324 2861 1412 2903 sola
1445 2860 1504 2913 fit,
1537 2864 1584 2902 ut
1613 2859 1744 2912 Syrus

1493 2930 1535 2963 4*
