2030 3266
947 285 1000 323 υς)

204 415 327 454 quem
361 404 488 445 etiam
509 408 622 445 ‘ante
655 403 782 444 aedes
814 403 1063 454 interrogat,
1099 415 1278 453 quanam
1310 402 1362 445 de
1395 416 1522 446 causa
1553 407 1675 456 pater
1701 416 1748 446 se

200 477 283 515 tam
319 474 441 527 gravi
472 486 609 526 poena
641 472 843 515 affecerit.
895 472 979 514 Sed
1011 477 1134 524 pater
1164 473 1257 524 ipse
1278 473 1463 515 vicinum
1484 486 1633 517 verum
1653 487 1748 517 esse

199 544 383 586 locutum
427 544 611 586 affirmat
625 543 668 596 1).
739 543 850 596 Quin
889 543 1018 585 etiam
1057 543 1177 594 quasi
1216 544 1546 587 exheredatione
1585 548 1748 586 statuta

200 614 310 656 filius
343 615 518 666 eiusque
541 626 691 656 servus
714 614 797 655 iam
820 625 922 656 vere
945 627 969 655 a
991 625 1038 656 se
1061 614 1147 656 sint
1169 614 1309 667 alieni,
1344 627 1595 666 quamquam
1618 627 1747 668 aegre

167 686 305 726 ‘iram
334 685 504 737 retinet,
538 697 701 726 summa
733 697 826 726 cum
848 684 1045 727 irrisione
1077 689 1313 736 utrumque,
1348 686 1446 737 quid
1479 686 1571 737 ipse
1602 685 1746 738 faciat,

199 767 350 798 curare
382 758 514 808 vetat,
553 754 708 797 nedum
747 767 930 808 servum,
970 755 1037 806 qui
1071 755 1229 797 frustra
1263 759 1395 797 totum
1428 756 1592 798 facinus
1623 756 1668 797 in
1700 768 1747 798 86

198 825 399 879 admittit,
414 826 618 878 vapulare
640 826 802 877 iubeat3
821 826 1020 877 nulloque
1038 827 1169 868 verbo
1192 826 1369 875 adiecto,
1394 828 1514 878 quasi
1535 827 1746 868 neminem

200 897 426 948 relinquat,
461 896 628 938 domum
659 896 761 938 abit.

319 978 383 1020 Sc.
416 978 483 1019 HI
527 977 833 1032 (978—1002).
906 979 955 1020 In
996 984 1118 1020 tanta
1165 979 1279 1022 senis
1325 979 1577 1022 crudelitate
1619 983 1746 1030 atque

198 1049 354 1091 duritia
391 1049 541 1090 mirum
579 1062 662 1091 non
699 1055 784 1102 est,
823 1049 932 1100 quod
965 1049 1097 1103 Syrus
1135 1062 1244 1092 nova
1283 1050 1428 1092 statim
1465 1050 1635 1092 fallacia
1672 1062 1745 1091 ex-

198 1120 384 1173 cogitata
421 1120 624 1162 facillime
657 1120 889 1171 (1*litiphoni
928 1120 1213 1172 suspicionem
1250 1120 1372 1162 inicit
1403 1133 1497 1163 eum
1530 1120 1747 1162 subditum

198 1203 293 1233 6886
325 1190 469 1244 filium,
503 1191 658 1243 quippe
687 1202 809 1242 quem
837 1196 1040 1243 parentes
1062 1191 1150 1233 filia
1175 1192 1351 1234 inventa
1379 1204 1403 1232 a
1423 1203 1469 1233 se
1492 1191 1746 1233 abalienent.

198 1261 310 1303 Satis
343 1261 455 1303 enim
488 1261 640 1303 callide
672 1273 815 1303 secum
846 1266 1016 1313 reputat
1047 1262 1364 1305 adulescentem
1395 1262 1476 1304 hac
1505 1262 1746 1314 suspicione

196 1338 310 1374 mota
349 1337 549 1384 parentes
588 1332 641 1374 ad
680 1332 1011 1374 misericordiam
1044 1333 1296 1384 veniamque
1328 1333 1511 1374 dandam
1543 1345 1640 1375 esse
1672 1332 1743 1374 ad-

198 1402 419 1444 ducturum
452 1402 617 1453 sibique
648 1403 730 1454 ipsi
761 1403 816 1444 iri
848 1403 1039 1456 ignotum
1071 1401 1173 1456 (995
1196 1405 1312 1455 sqq).
1358 1403 1518 1446 Tamen
1549 1403 1745 1444 omnibus

197 1474 325 1515 rebus
359 1473 569 1525 respectis
604 1474 673 1515 vix
704 1474 798 1525 ipse
820 1473 962 1516 facere
983 1479 1136 1526 potest,
1170 1475 1268 1525 quin
1290 1474 1451 1526 timeat,
1486 1486 1538 1516 ne
1561 1473 1746 1525 Clitipho

196 1543 316 1586 modo
353 1544 466 1585 intro
508 1543 721 1596 profectus
760 1557 932 1586 uxorem
972 1545 1126 1587 ducere
1165 1549 1342 1597 cogatur
1378 1557 1487 1587 neve
1525 1544 1607 1595 ipsi
1638 1544 1745 1585 nihil

195 1615 253 1656 sit
292 1615 454 1657 veniae
506 1613 676 1668 1999)2).
744 1615 894 1666 Itaque
946 1627 1039 1656 cum
1092 1615 1361 1657 (¹hremetem
1413 1622 1456 1657 et
1508 1614 1745 1656 Sostratam

195 1790 314 1826 ratur,
351 1785 448 1826 quod
483 1784 722 1817 Menedemus
755 1785 903 1817 omnino
938 1796 1020 1817 cum
1049 1785 1258 1828 Clitiphone
1293 1785 1368 1818 exit
1399 1785 1658 1827 mandatisque
1684 1795 1743 1816 ex-

196 1842 330 1886 positis
358 1843 505 1876 domum
531 1844 650 1876 redit?
702 1844 784 1883 Qua
816 1855 898 1876 cum
924 1855 963 1877 re
990 1844 1138 1886 egregie
1165 1844 1347 1886 congruit,
1381 1844 1478 1886 quod
1503 1848 1614 1886 poeta
1641 1842 1743 1875 Cliti-

194 1903 354 1944 phonem
394 1913 468 1934 non
506 1913 616 1935 versu
657 1902 780 1945 aliquo
814 1904 1005 1944 absoluto,
1041 1903 1104 1936 sed
1136 1903 1174 1935 111
1205 1903 1325 1936 medio
1357 1913 1467 1935 versu
1505 1903 1542 1934 in
1574 1912 1743 1934 scaenam

196 1961 338 1994 reducit
364 1962 424 2003 (cf.
452 1962 802 2003 Dziatzko-Hauler‚
829 1960 1026 1994 Phormio³
1052 1974 1085 2004 p.
1112 1963 1181 2004 48).

318 2038 341 2079 ¹)
370 2037 461 2069 Cum
489 2038 658 2070 versibus
692 2039 758 2070 967
793 2049 847 2080 sq.
881 2039 961 2080 „Ibi
993 2045 1079 2071 tuae
1113 2038 1295 2071 stultitiae
1327 2048 1471 2080 semper
1504 2038 1574 2070 erit
1604 2037 1741 2080 praesi-

197 2096 307 2138 dium,
343 2096 517 2139 Clitipho,
540 2096 546 2141 Ι
569 2097 700 2139 victus,
729 2097 899 2139 vestitus,
937 2109 1008 2140 quo
1036 2098 1072 2130 in
1099 2102 1238 2130 tectum
1262 2102 1299 2130 te
1324 2097 1512 2139 16669168ἐι
1539 2108 1560 2129 a
1584 2096 1743 2139 Kampio

195 2156 217 2188 l.
245 2166 272 2188 8.
291 2166 324 2197 p.
348 2156 391 2187 19
416 2155 621 2188 rectissime
648 2156 838 2188 confertur
862 2156 1065 2189 frustulum
1083 2158 1171 2191 hoc:
1198 2155 1296 2190 Ἀλλ)
1317 2155 1360 2201 ἢν
1373 2154 1481 2202 χιτών
1500 2169 1553 2189 σοι
1578 2155 1662 2199 (148
1680 2155 1743 2198 Κ).

195 2214 328 2255 Itaque
362 2215 433 2246 hoc
460 2214 668 2256 fragmento
695 2214 863 2256 quamvis
889 2226 1016 2257 parvo,
1052 2215 1150 2257 quod.
1177 2215 1323 2257 quidem
1348 2225 1466 2257 neque
1492 2214 1743 2256 Venedigerus

195 2273 218 2305 l.
246 2283 272 2306 8.
299 2284 333 2315 p.
363 2273 428 2305 132
455 2284 574 2315 neque
600 2273 803 2306 Nencinius
830 2275 851 2306 1.
880 2284 906 2306 8.
928 2285 962 2317 p.
985 2275 1029 2306 73
1056 2274 1101 2306 ad
1125 2275 1223 2306 hunc
1248 2274 1396 2307 fabulae
1421 2275 1543 2306 locum
1562 2274 1743 2315 quadrare

195 2336 314 2373 putat,
353 2336 389 2364 et
415 2332 635 2374 Clitiphonis
663 2336 699 2364 et
726 2332 808 2374 Syri
836 2339 872 2365 et
896 2333 1093 2365 Bacchidis
1120 2338 1243 2375 partes
1269 2332 1515 2365 Menandreae
1541 2332 1631 2364 satis
1658 2343 1741 2364 con-

194 2390 397 2423 firmantur.

313 2467 339 2510 2)
366 2466 488 2499 Η111118
506 2478 636 2500 versus
664 2468 869 2510 scripturae
894 2468 1052 2501 traditae
1072 2468 1215 2510 „Etiam
1241 2469 1340 2501 haud
1366 2469 1441 2500 scio
1469 2479 1562 2501 anne
1590 2479 1741 2500 uxorem

197 2525 308 2558 ducat
346 2537 388 2558 ac
415 2526 507 2567 Syro
539 2526 591 2558 nil
624 2526 789 2567 gratiae“
818 2527 1057 2560 offensionem
1089 2538 1163 2559 non
1188 2527 1309 2560 inesse
1335 2533 1498 2570 apparet.
1549 2528 1666 2566 Quam
1694 2528 1740 2559 ob

194 2594 270 2616 rem
314 2595 388 2616 non
430 2585 619 2627 habemus,
659 2585 758 2628 quod.
797 2596 880 2618 cum
918 2586 1148 2619 Dziatzkone
1187 2586 1239 2629 (in
1278 2586 1363 2620 edit.
1398 2587 1588 2627 Tauchn.),
1632 2597 1740 2628 quem

195 2642 398 2683 Tyrrellius
425 2643 475 2683 (in
502 2644 587 2676 edit.
615 2643 747 2686 Oxou.)
774 2644 953 2686 sequitur,
987 2656 1029 2677 ac
1054 2644 1091 2676 111
1117 2650 1155 2677 at
1179 2650 1382 2686 mutemus,
1416 2656 1458 2677 ac
1484 2656 1528 2677 ne
1554 2656 1620 2687 pro
1647 2656 1742 2677 anne

196 2701 353 2742 quidem,
388 2713 497 2744 quam
523 2713 651 2735 vocem
677 2702 859 2735 Dziatzko
886 2703 1018 2746 (praef.
1044 2715 1078 2746 p.
1106 2704 1247 2745 XXVI)
1274 2714 1347 2735 non
1373 2703 1529 2735 inveniri
1555 2703 1644 2736 dicit
1668 2704 1741 2736 nisi

195 2759 233 2791 in
270 2760 386 2792 altero
420 2761 576 2804 duplicis
608 2761 913 2803 interrogationis
953 2763 1129 2805 membro,
1169 2773 1238 2804 „an
1270 2762 1365 2795 iam“
1401 2762 1635 2795 scribendum
1671 2768 1737 2804 est,

196 2829 279 2850 cum
318 2823 462 2852 constet
499 2825 628 2862 poetas
663 2820 805 2863 priscos
838 2824 924 2853 ante
949 2822 1113 2854 vocalem
1148 2821 1302 2853 formam
1334 2832 1427 2853 anne
1461 2832 1526 2864 pro
1554 2833 1600 2854 an
1625 2822 1740 2863 vulgo

195 2887 362 2910 servasse
389 2878 446 2919 (cf.
475 2879 583 2911 Thes.
610 2879 651 2912 L.
679 2879 719 2913 L.
746 2879 796 2913 II.
823 2890 856 2921 p.
886 2880 930 2922 1).
