2030 3266
803 308 1091 348 —19--

186 428 453 476 praetextum
487 437 560 476 pro
593 438 693 468 vero
727 425 923 467 nimirum
945 439 1038 468 cum
1062 439 1163 470 sene
1186 430 1476 481 communicet,
1509 443 1588 481 quo
1611 443 1731 481 prae-

185 499 302 537 texto
339 507 441 537 usus
478 495 745 547 Antiphilam
783 496 909 538 matri
946 496 1130 539 familias
1167 499 1354 540 tradidit.
1422 501 1539 542 Dicit
1577 502 1687 543 enim
1702 501 1731 550 1)

187 565 454 608 meretricem
486 566 614 618 illam,
648 566 713 608 cui
745 566 867 619 virgo
899 567 953 608 ad
975 580 1147 610 uxorem
1169 569 1352 611 abducta
1374 572 1426 612 ab
1448 583 1530 612 anu
1553 571 1732 623 quadam

188 636 408 677 Corinthia
441 647 514 687 pro
548 635 695 678 decem
727 636 852 677 minis
885 636 1041 680 debitis
1074 639 1269 681 arraboni
1304 640 1453 682 relicta
1485 642 1553 695 sit,
1593 642 1677 683 iam
1710 654 1734 683 a

189 706 326 748 Clinia
369 709 529 758 petere,
574 710 621 747 ut
661 707 741 748 sibi
786 708 1007 759 pecuniam
1049 709 1163 750 illam
1207 709 1290 763 det,
1335 723 1458 761 quam
1497 712 1649 755 deinde
1681 714 1734 754 ab

190 776 412 828 Antiphila
445 776 500 818 sit
532 777 836 828 accepturus'2).
883 778 962 820 His
995 779 1138 821 verbis
1171 779 1328 822 auditis
1361 781 1563 824 Chremes
1595 783 1736 825 obstu-

190 847 338 900 pescit.
400 847 506 888 Nam
550 847 689 889 vicino
730 849 906 900 veritus,
949 850 1015 891 cui
1058 850 1138 892 hoc
1179 851 1397 893 consilium
1436 852 1561 894 nimis
1594 853 1737 906 magni

190 922 307 960 stare
347 921 505 966 censet,
546 919 665 969 quasi
698 931 781 960 non
813 923 930 962 recte
962 930 1019 962 ea'
1044 921 1269 974 audiverit,
1309 921 1402 975 Syri
1435 923 1591 974 repetit
1623 923 1738 966 dicta

190 989 328 1030 hisce:
365 988 447 1039 „Et
484 989 620 1041 poscit
653 989 822 1041 quidem
855 990 1079 1044 (606)?“³³).
1145 991 1237 1044 Qua
1269 1004 1316 1034 re
1348 992 1559 1035 affirmata
1591 992 1736 1047 (‚.Hui‚

191 1059 362 1100 dubium
401 1058 443 1100 id
477 1058 571 1101 est?
631 1059 724 1112 Ego
762 1060 823 1102 sic
866 1060 1059 1115 putavi“)
1098 1065 1253 1114 tamen,
1293 1063 1403 1114 quod
1440 1064 1612 1106 tandem
1644 1076 1739 1106 con·

194 1130 335 1172 silium
369 1141 518 1171 servus
550 1130 594 1171 in
626 1130 763 1172 animo
795 1131 964 1184 habeat,
996 1132 1262 1186 interrogare
1294 1134 1486 1185 perga-iffi).
1544 1134 1625 1177 Hic
1655 1135 1739 1177 iam

193 1200 356 1253 profert
389 1213 434 1242 se
462 1200 574 1242 velle
597 1200 649 1242 ad
670 1200 966 1243 Menedemum
989 1202 1063 1245 ire.
1098 1203 1164 1244 cui
1186 1203 1300 1245 dicat
1321 1204 1586 1256 Antiphilam
1609 1205 1738 1248 ditem

315 1352 342 1394 ¹)
369 1351 571 1384 Nencinius
597 1353 619 1384 l.
648 1364 676 1386 S.
702 1363 735 1395 p.
766 1354 810 1385 ΤΟ
837 1364 893 1387 an.
920 1354 1108 1395 Ladewigi
1135 1354 1263 1395 (Beitr.
1291 1366 1357 1387 zur
1381 1355 1506 1388 Kritik
1532 1356 1564 1390 d.
1591 1357 1740 1399 Terenz,

195 1410 420 1443 Neustrelitz
444 1411 533 1442 1858
551 1422 585 1453 p.
606 1411 637 1452 6)
667 1412 888 1444 sententiam
914 1412 993 1445 iure
1019 1413 1199 1456 repudiat,
1228 1414 1288 1456 qui
1318 1414 1355 1446 in
1373 1414 1560 1456 proximae
1587 1426 1741 1449 scaenae

195 1470 297 1502 exitu
334 1470 432 1512 apud
466 1469 710 1502 Menandrum
753 1471 958 1512 longiorem
999 1472 1237 1514 soliloquium
1275 1472 1480 1505 arbitratur
1510 1473 1637 1516 fuisse,
1670 1485 1742 1517 quo

198 1530 312 1571 Syrus
340 1529 382 1560 de
410 1529 564 1561 consilio
591 1530 764 1562 mandato
791 1530 990 1563 meditatus
1016 1531 1073 1565 sit.
1126 1532 1224 1571 Quin
1250 1532 1364 1573 Syrus
1391 1543 1436 1565 ne
1469 1533 1564 1575 cepit
1596 1533 1741 1574 quidem

198 1599 335 1620 novum
361 1587 566 1627 consilium,
599 1588 710 1620 immo
744 1599 848 1621 suam
882 1590 1022 1632 profert
1054 1590 1239 1622 fallaciam
1271 1591 1408 1623 dudum
1443 1597 1598 1634 captam.
1632 1603 1741 1634 quam

197 1647 345 1689 quidem
373 1646 471 1679 senis
497 1647 619 1679 verbis
646 1654 851 1680 commotus
877 1648 1064 1691 impunius
1091 1660 1178 1681 sane
1204 1649 1302 1693 (560)
1328 1649 1398 1682 iam
1426 1650 1463 1682 in
1490 1650 1743 1683 Menedemum

197 1705 366 1740 intendit.

317 1765 345 1807 2)
371 1765 429 1796 Ad
454 1775 584 1797 versus
611 1766 678 1797 605
698 1766 811 1798 verba
831 1766 961 1807 „Illam
986 1766 1041 1798 illi
1058 1770 1182 1798 tamen
1208 1772 1294 1809 post
1320 1767 1511 1800 daturam“
1531 1768 1743 1809 Wagnerus

200 1825 222 1855 l.
251 1834 278 1856 s.
306 1828 479 1856 annotat:
505 1823 606 1856 illam
633 1835 681 1856 sc.
709 1835 830 1865 anum,
866 1825 965 1866 quod
998 1824 1144 1867 quidem
1171 1826 1324 1858 verbum
1359 1837 1433 1858 non
1465 1831 1587 1868 potest
1618 1826 1745 1859 referri

198 1882 269 1915 nisi
296 1882 341 1914 ad
368 1882 609 1924 Antiphilam.

320 1948 345 1989 3)
371 1948 473 1980 Haec
499 1948 612 1979 verba.
637 1948 849 1989 Wagnerus
876 1949 899 1983 l.
927 1959 954 1982 s.
975 1953 1072 1981 recte
1099 1948 1367 1991 interpretatus
1395 1953 1451 1983 est
1478 1949 1594 1982 hisce:
1630 1951 1743 1990 „Also

199 2005 377 2048 vdrklich,
397 2006 538 2038 fordert
560 2006 656 2038 sie‘?“
687 2006 757 2039 Sed
775 2008 887 2038 verba
911 2017 1000 2048 „ego
1023 2007 1075 2041 sic
1100 2007 1250 2049 putavi“
1281 2008 1466 2040 Chremeti
1486 2008 1580 2041 falso
1601 2009 1744 2043 tribuit.

200 2065 317 2097 Immo
356 2065 472 2106 Syrus
511 2069 613 2107 apte:
656 2065 776 2107 ,‚Hui,
815 2066 951 2107 inquit,
984 2065 1135 2098 dubium
1172 2066 1207 2098 id
1246 2068 1325 2099 est?
1374 2067 1452 2108 Ego
1497 2067 1549 2100 sic
1593 2068 1744 2110 putavi“

200 2124 222 2156 i.
250 2134 279 2156 e.
307 2124 389 2165 „Ist
414 2124 478 2156 das
505 2124 580 2166 (bei
605 2124 706 2156 einer
732 2124 873 2156 Person
899 2124 965 2157 wie
991 2125 1165 2167 Bacchis)
1195 2125 1440 2158 zweifelhaft?
1479 2127 1545 2159 Ich
1571 2126 1676 2158 weiss
1709 2137 1747 2158 es

200 2182 304 2215 nicht
330 2182 472 2223 anders7
500 2182 576 2215 scil.
603 2183 656 2215 als
683 2183 767 2214 dass
794 2182 846 2215 sie
873 2183 937 2215 das
957 2183 1049 2216 Geld
1075 2183 1248 2217 fordert.“
1299 2185 1433 2226 Itaque
1459 2195 1533 2216 non
1558 2185 1748 2226 habemus,

200 2241 302 2283 quod
335 2241 556 2284 scripturam
589 2241 763 2274 traditam
797 2241 963 2284 „posciv‘
998 2253 1081 2274 cum
1113 2242 1341 2275 Dziatzkone
1387 2248 1571 2275 mutemus
1616 2247 1681 2276 aut
1710 2244 1748 2276 in

202 2299 351 2341 „dabiffl
379 2301 438 2332 vel
459 2300 608 2340 .‚daret“
635 2300 743 2341 (Mus.
762 2301 881 2334 Rhen.
907 2301 999 2332 XXI
1024 2301 1146 2344 (1866)
1171 2312 1205 2344 p.
1238 2301 1306 2333 315
1340 2304 1407 2343 sq.)
1443 2305 1508 2334 aut
1538 2301 1577 2334 in
1608 2302 1750 2344 „possit

201 2359 279 2391 scil.
307 2359 426 2391 effici“
454 2359 554 2400 (edit.
582 2359 758 2401 Tauchn.‚
787 2360 831 2393 cf.
858 2360 972 2402 praef.
1004 2370 1038 2402 p.
1059 2360 1212 2402 XXIV),
1240 2371 1350 2402 quam
1376 2360 1580 2401 Tyrrellius
1613 2361 1751 2402 recepit

203 2417 398 2450 lectionem
417 2418 515 2457 (edit.
536 2417 679 2459 Oxon.)‚
705 2422 747 2450 ut
771 2417 986 2450 omittamus
1004 2419 1116 2450 verbo
1136 2418 1278 2459 ‚‚effici“
1297 2420 1466 2460 neglecto
1491 2418 1639 2451 nimiam
1666 2418 1751 2451 huic

201 2477 283 2508 loco
311 2476 575 2509 obscuritatem
602 2476 741 2517 inferri,
769 2488 862 2518 quae
888 2487 933 2508 ne
960 2476 1135 2519 exemplis
1163 2477 1310 2519 quidem
1336 2489 1357 2510 a
1375 2477 1601 2510 Dziatzkone
1627 2477 1750 2510 allatis

201 2535 330 2576 (Haut.
358 2535 437 2575 677,
466 2535 616 2569 Phorm.
642 2536 722 2575 303,
748 2536 829 2576 818,
855 2535 923 2569 Ad.
951 2536 1033 2578 568)
1061 2536 1281 2568 defenditur.

321 2599 349 2640 ⁴)
375 2599 723 2632 Herrmanowskius
750 2601 773 2633 1.
801 2611 828 2633 s.
854 2611 888 2642 p.
917 2600 961 2632 26
987 2611 1044 2634 an.
1066 2601 1106 2632 13
1127 2600 1374 2642 reprehendit,
1401 2600 1500 2642 quod
1520 2601 1634 2641 Syrus
1654 2600 1749 2633 infra

204 2658 273 2689 790
299 2668 378 2699 sqq.
406 2658 451 2690 ad
477 2659 573 2691 hanc
599 2658 791 2690 arrabonis
817 2658 1067 2691 narrationem
1092 2658 1197 2701 quasi
1220 2669 1343 2691 rerum
1363 2658 1511 2690 veritati
1531 2659 1752 2701 responden-

204 2720 278 2748 tem
299 2716 436 2758 redeat,
464 2728 686 2759 quamquam
700 2717 819 2759 ipsam
833 2717 928 2749 hanc
946 2717 1193 2749 narrationem
1210 2728 1231 2750 a
1244 2722 1354 2760 poeta
1368 2718 1438 2749 hoc
1454 2718 1535 2749 loco
1555 2727 1628 2749 non
1646 2717 1751 2750 insti-

205 2774 260 2806 tui
287 2785 370 2806 mox
396 2785 662 2817 cognoscemus
689 2775 761 2808 nisi
787 2786 829 2808 ea
854 2782 986 2816 mente,
1013 2780 1055 2807 ut
1081 2786 1208 2808 servus
1234 2775 1352 2818 possit
1378 2776 1423 2808 ad
1449 2786 1528 2808 eam
1554 2786 1752 2816 recurrere,

204 2844 280 2875 qua
304 2833 451 2866 tandem
472 2834 655 2867 Chremeti
680 2834 873 2877 pecuniam
900 2834 1041 2876 eripiat.
1092 2834 1173 2873 Qua
1199 2844 1243 2866 ex
1267 2844 1306 2866 re
1333 2845 1443 2876 quam
1467 2835 1561 2867 male
1579 2835 1750 2867 Herrma-

204 2892 392 2925 nowskius
417 2896 534 2925 totam
558 2894 654 2926 hanc
678 2893 846 2926 fabulum
873 2892 1111 2936 perspexerit,
1138 2892 1228 2925 satis
1256 2893 1505 2935 cognoscitur.

1503 2951 1542 2984 2*
