<?xml version="1.0" encoding="UTF-8"?>
<!DOCTYPE html PUBLIC "-//W3C//DTD XHTML 1.0 Transitional//EN"
    "http://www.w3.org/TR/xhtml1/DTD/xhtml1-transitional.dtd">
<html xmlns="http://www.w3.org/1999/xhtml" xml:lang="en" lang="en">
 <head>
  <title>
</title>
<meta http-equiv="Content-Type" content="text/html;charset=utf-8" />
  <meta name='ocr-system' content='tesseract 3.04.00' />
  <meta name='ocr-capabilities' content='ocr_page ocr_carea ocr_par ocr_line ocrx_word'/>
</head>
<body>
  <div class='ocr_page' id='page_1' title='image "./dehautontimorume00khuoft_0054.png"; bbox 0 0 2030 3266; ppageno 0'>
   <div class='ocr_carea' id='block_1_1' title="bbox 1017 229 1071 269">
    <p class='ocr_par' dir='ltr' id='par_1_1' title="bbox 1017 229 1071 269">
     <span class='ocr_line' id='line_1_1' title="bbox 1017 229 1071 269; baseline 0.019 -1"><span class='ocrx_word' id='word_1_1' title='bbox 1017 229 1071 269; x_wconf 78' lang='lat'>46</span> 
     </span>
    </p>
   </div>
   <div class='ocr_carea' id='block_1_2' title="bbox 273 346 1824 2872">
    <p class='ocr_par' dir='ltr' id='par_1_2' title="bbox 273 346 1819 967">
     <span class='ocr_line' id='line_1_2' title="bbox 274 346 1816 402; baseline 0.004 -16"><span class='ocrx_word' id='word_1_2' title='bbox 274 346 333 387; x_wconf 88' lang='lat' dir='ltr'>ita</span> <span class='ocrx_word' id='word_1_3' title='bbox 355 346 627 387; x_wconf 89' lang='lat' dir='ltr'>iudicandum</span> <span class='ocrx_word' id='word_1_4' title='bbox 650 358 745 388; x_wconf 89' lang='lat' dir='ltr'>esse</span> <span class='ocrx_word' id='word_1_5' title='bbox 768 352 937 389; x_wconf 87' lang='lat' dir='ltr'>censet:</span> <span class='ocrx_word' id='word_1_6' title='bbox 965 346 1337 400; x_wconf 80' lang='lat' dir='ltr'>„Quantacumque</span> <span class='ocrx_word' id='word_1_7' title='bbox 1358 360 1459 391; x_wconf 89' lang='lat' dir='ltr'>vero</span> <span class='ocrx_word' id='word_1_8' title='bbox 1481 349 1653 391; x_wconf 89' lang='lat' dir='ltr'>licentia</span> <span class='ocrx_word' id='word_1_9' title='bbox 1676 357 1816 402; x_wconf 80' lang='lat' dir='ltr'>poeta-</span> 
     </span>
     <span class='ocr_line' id='line_1_3' title="bbox 273 416 1818 470; baseline 0.003 -12"><span class='ocrx_word' id='word_1_10' title='bbox 273 430 364 459; x_wconf 91' lang='lat' dir='ltr'>rum</span> <span class='ocrx_word' id='word_1_11' title='bbox 388 417 480 467; x_wconf 86' lang='lat' dir='ltr'>fuit,</span> <span class='ocrx_word' id='word_1_12' title='bbox 514 423 599 458; x_wconf 87' lang='lat' dir='ltr'>tam</span> <span class='ocrx_word' id='word_1_13' title='bbox 626 416 851 459; x_wconf 85' lang='lat' dir='ltr'>absurdam</span> <span class='ocrx_word' id='word_1_14' title='bbox 874 418 1062 469; x_wconf 90' lang='lat' dir='ltr'>protasin</span> <span class='ocrx_word' id='word_1_15' title='bbox 1090 431 1339 470; x_wconf 77' lang='lat' dir='ltr'>quemquam</span> <span class='ocrx_word' id='word_1_16' title='bbox 1363 431 1415 461; x_wconf 89' lang='lat' dir='ltr'>ex</span> <span class='ocrx_word' id='word_1_17' title='bbox 1438 419 1613 462; x_wconf 88' lang='lat' dir='ltr'>Graecis</span> <span class='ocrx_word' id='word_1_18' title='bbox 1645 420 1818 462; x_wconf 89' lang='lat' dir='ltr'>comicis</span> 
     </span>
     <span class='ocr_line' id='line_1_4' title="bbox 274 487 1816 540; baseline 0.001 -10"><span class='ocrx_word' id='word_1_19' title='bbox 274 488 541 539; x_wconf 69' lang='lat' dir='ltr'>excogitasse</span> <span class='ocrx_word' id='word_1_20' title='bbox 574 487 666 539; x_wconf 92' lang='lat' dir='ltr'>quis</span> <span class='ocrx_word' id='word_1_21' title='bbox 699 487 872 529; x_wconf 73' lang='lat' dir='ltr'>credat?</span> <span class='ocrx_word' id='word_1_22' title='bbox 933 489 1079 540; x_wconf 79' lang='lat' dir='ltr'>Neque</span> <span class='ocrx_word' id='word_1_23' title='bbox 1111 489 1337 531; x_wconf 87' lang='lat' dir='ltr'>Terentius</span> <span class='ocrx_word' id='word_1_24' title='bbox 1377 494 1496 532; x_wconf 86' lang='lat' dir='ltr'>tanta</span> <span class='ocrx_word' id='word_1_25' title='bbox 1528 491 1638 532; x_wconf 80' lang='lat' dir='ltr'>vitia</span> <span class='ocrx_word' id='word_1_26' title='bbox 1678 503 1816 532; x_wconf 85' lang='lat' dir='ltr'>exem-</span> 
     </span>
     <span class='ocr_line' id='line_1_5' title="bbox 274 558 1819 614; baseline 0.002 -15"><span class='ocrx_word' id='word_1_27' title='bbox 274 559 404 611; x_wconf 91' lang='lat' dir='ltr'>plaris</span> <span class='ocrx_word' id='word_1_28' title='bbox 436 571 516 600; x_wconf 91' lang='lat' dir='ltr'>non</span> <span class='ocrx_word' id='word_1_29' title='bbox 552 558 742 612; x_wconf 88' lang='lat' dir='ltr'>vidisset,</span> <span class='ocrx_word' id='word_1_30' title='bbox 774 571 911 610; x_wconf 90' lang='lat' dir='ltr'>neque</span> <span class='ocrx_word' id='word_1_31' title='bbox 942 560 1163 601; x_wconf 87' lang='lat' dir='ltr'>immutata</span> <span class='ocrx_word' id='word_1_32' title='bbox 1196 560 1450 612; x_wconf 79' lang='lat' dir='ltr'>reliquisset.</span> <span class='ocrx_word' id='word_1_33' title='bbox 1513 561 1623 614; x_wconf 80' lang='lat' dir='ltr'>Quid</span> <span class='ocrx_word' id='word_1_34' title='bbox 1656 559 1819 603; x_wconf 75' lang='lat' dir='ltr'>multa?</span> 
     </span>
     <span class='ocr_line' id='line_1_6' title="bbox 273 628 1816 680; baseline 0.002 -10"><span class='ocrx_word' id='word_1_35' title='bbox 273 629 364 671; x_wconf 78' lang='lat' dir='ltr'>Non</span> <span class='ocrx_word' id='word_1_36' title='bbox 387 628 550 671; x_wconf 86' lang='lat' dir='ltr'>Graeco</span> <span class='ocrx_word' id='word_1_37' title='bbox 576 634 727 680; x_wconf 86' lang='lat' dir='ltr'>poetae</span> <span class='ocrx_word' id='word_1_38' title='bbox 744 629 819 672; x_wconf 90' lang='lat' dir='ltr'>sed</span> <span class='ocrx_word' id='word_1_39' title='bbox 843 630 1147 671; x_wconf 88' lang='lat' dir='ltr'>contaminanti</span> <span class='ocrx_word' id='word_1_40' title='bbox 1170 630 1325 672; x_wconf 90' lang='lat' dir='ltr'>Latino</span> <span class='ocrx_word' id='word_1_41' title='bbox 1347 631 1451 673; x_wconf 88' lang='lat' dir='ltr'>vitia</span> <span class='ocrx_word' id='word_1_42' title='bbox 1473 632 1545 673; x_wconf 89' lang='lat' dir='ltr'>illa</span> <span class='ocrx_word' id='word_1_43' title='bbox 1568 632 1816 674; x_wconf 79' lang='lat' dir='ltr'>debentur·‘.</span> 
     </span>
     <span class='ocr_line' id='line_1_7' title="bbox 275 699 1819 755; baseline 0.002 -14"><span class='ocrx_word' id='word_1_44' title='bbox 275 700 357 742; x_wconf 76' lang='lat' dir='ltr'>Sed</span> <span class='ocrx_word' id='word_1_45' title='bbox 381 713 444 752; x_wconf 90' lang='lat' dir='ltr'>ea,</span> <span class='ocrx_word' id='word_1_46' title='bbox 468 712 574 751; x_wconf 92' lang='lat' dir='ltr'>quae</span> <span class='ocrx_word' id='word_1_47' title='bbox 597 705 696 742; x_wconf 88' lang='lat' dir='ltr'>ante</span> <span class='ocrx_word' id='word_1_48' title='bbox 722 700 982 753; x_wconf 82' lang='lat' dir='ltr'>agnitionem</span> <span class='ocrx_word' id='word_1_49' title='bbox 1008 699 1125 748; x_wconf 88' lang='lat' dir='ltr'>fiunt,</span> <span class='ocrx_word' id='word_1_50' title='bbox 1150 704 1237 741; x_wconf 90' lang='lat' dir='ltr'>tam</span> <span class='ocrx_word' id='word_1_51' title='bbox 1260 705 1357 742; x_wconf 88' lang='lat' dir='ltr'>sunt</span> <span class='ocrx_word' id='word_1_52' title='bbox 1379 702 1612 755; x_wconf 79' lang='lat' dir='ltr'>singularia</span> <span class='ocrx_word' id='word_1_53' title='bbox 1645 707 1819 754; x_wconf 85' lang='lat' dir='ltr'>tamque</span> 
     </span>
     <span class='ocr_line' id='line_1_8' title="bbox 274 770 1818 823; baseline 0.001 -10"><span class='ocrx_word' id='word_1_54' title='bbox 274 776 389 813; x_wconf 88' lang='lat' dir='ltr'>recte</span> <span class='ocrx_word' id='word_1_55' title='bbox 404 784 497 813; x_wconf 89' lang='lat' dir='ltr'>cum</span> <span class='ocrx_word' id='word_1_56' title='bbox 513 770 608 823; x_wconf 79' lang='lat' dir='ltr'>Syri</span> <span class='ocrx_word' id='word_1_57' title='bbox 625 771 811 813; x_wconf 86' lang='lat' dir='ltr'>moribus</span> <span class='ocrx_word' id='word_1_58' title='bbox 834 775 1084 823; x_wconf 88' lang='lat' dir='ltr'>congruunt,</span> <span class='ocrx_word' id='word_1_59' title='bbox 1109 771 1177 822; x_wconf 87' lang='lat' dir='ltr'>qui</span> <span class='ocrx_word' id='word_1_60' title='bbox 1197 771 1582 822; x_wconf 89' lang='lat' dir='ltr'>petulantissimum</span> <span class='ocrx_word' id='word_1_61' title='bbox 1604 773 1818 814; x_wconf 87' lang='lat' dir='ltr'>hominem</span> 
     </span>
     <span class='ocr_line' id='line_1_9' title="bbox 274 841 1817 894; baseline 0 -11"><span class='ocrx_word' id='word_1_62' title='bbox 274 846 399 893; x_wconf 89' lang='lat' dir='ltr'>atque</span> <span class='ocrx_word' id='word_1_63' title='bbox 443 841 768 883; x_wconf 90' lang='lat' dir='ltr'>audacissimum</span> <span class='ocrx_word' id='word_1_64' title='bbox 816 853 862 883; x_wconf 89' lang='lat' dir='ltr'>se</span> <span class='ocrx_word' id='word_1_65' title='bbox 904 842 1094 893; x_wconf 82' lang='lat' dir='ltr'>praebet,</span> <span class='ocrx_word' id='word_1_66' title='bbox 1139 848 1184 883; x_wconf 85' lang='lat' dir='ltr'>ut.</span> <span class='ocrx_word' id='word_1_67' title='bbox 1227 854 1308 883; x_wconf 92' lang='lat' dir='ltr'>non</span> <span class='ocrx_word' id='word_1_68' title='bbox 1350 841 1402 884; x_wconf 90' lang='lat' dir='ltr'>de</span> <span class='ocrx_word' id='word_1_69' title='bbox 1443 843 1598 885; x_wconf 83' lang='lat' dir='ltr'>inertia</span> <span class='ocrx_word' id='word_1_70' title='bbox 1637 842 1817 894; x_wconf 88' lang='lat' dir='ltr'>quadam</span> 
     </span>
     <span class='ocr_line' id='line_1_10' title="bbox 275 911 1816 967; baseline 0.001 -13"><span class='ocrx_word' id='word_1_71' title='bbox 275 918 424 963; x_wconf 87' lang='lat' dir='ltr'>poetae</span> <span class='ocrx_word' id='word_1_72' title='bbox 447 912 589 954; x_wconf 85' lang='lat' dir='ltr'>dicere</span> <span class='ocrx_word' id='word_1_73' title='bbox 610 912 749 959; x_wconf 84' lang='lat' dir='ltr'>liceat,</span> <span class='ocrx_word' id='word_1_74' title='bbox 771 911 847 953; x_wconf 91' lang='lat' dir='ltr'>sed</span> <span class='ocrx_word' id='word_1_75' title='bbox 868 912 1150 954; x_wconf 89' lang='lat' dir='ltr'>certissimum</span> <span class='ocrx_word' id='word_1_76' title='bbox 1169 912 1260 954; x_wconf 92' lang='lat' dir='ltr'>eius</span> <span class='ocrx_word' id='word_1_77' title='bbox 1283 912 1504 954; x_wconf 87' lang='lat' dir='ltr'>consilium</span> <span class='ocrx_word' id='word_1_78' title='bbox 1527 919 1816 967; x_wconf 81' lang='lat' dir='ltr'>cognoscatur.</span> 
     </span>
    </p>

    <p class='ocr_par' dir='ltr' id='par_1_3' title="bbox 273 982 1823 2237">
     <span class='ocr_line' id='line_1_11' title="bbox 391 982 1819 1037; baseline 0.001 -13"><span class='ocrx_word' id='word_1_79' title='bbox 391 983 507 1024; x_wconf 88' lang='lat' dir='ltr'>Haec</span> <span class='ocrx_word' id='word_1_80' title='bbox 541 983 651 1024; x_wconf 90' lang='lat' dir='ltr'>enim</span> <span class='ocrx_word' id='word_1_81' title='bbox 684 982 841 1035; x_wconf 76' lang='lat' dir='ltr'>fabula,</span> <span class='ocrx_word' id='word_1_82' title='bbox 880 994 988 1034; x_wconf 88' lang='lat' dir='ltr'>quae</span> <span class='ocrx_word' id='word_1_83' title='bbox 1019 983 1176 1033; x_wconf 88' lang='lat' dir='ltr'>primas</span> <span class='ocrx_word' id='word_1_84' title='bbox 1209 994 1285 1034; x_wconf 89' lang='lat' dir='ltr'>per</span> <span class='ocrx_word' id='word_1_85' title='bbox 1316 995 1493 1025; x_wconf 86' lang='lat' dir='ltr'>scaenas</span> <span class='ocrx_word' id='word_1_86' title='bbox 1530 985 1693 1037; x_wconf 85' lang='lat' dir='ltr'>tragico</span> <span class='ocrx_word' id='word_1_87' title='bbox 1726 984 1819 1026; x_wconf 79' lang='grc'>1010</span> 
     </span>
     <span class='ocr_line' id='line_1_12' title="bbox 275 1053 1819 1106; baseline 0.001 -11"><span class='ocrx_word' id='word_1_88' title='bbox 275 1065 396 1095; x_wconf 87' lang='grc'>80000</span> <span class='ocrx_word' id='word_1_89' title='bbox 447 1053 700 1106; x_wconf 79' lang='lat' dir='ltr'>ingreditur,</span> <span class='ocrx_word' id='word_1_90' title='bbox 754 1065 848 1094; x_wconf 88' lang='lat' dir='ltr'>cum</span> <span class='ocrx_word' id='word_1_91' title='bbox 900 1058 943 1095; x_wconf 89' lang='lat' dir='ltr'>et</span> <span class='ocrx_word' id='word_1_92' title='bbox 987 1053 1264 1096; x_wconf 84' lang='lat' dir='ltr'>Menedemus</span> <span class='ocrx_word' id='word_1_93' title='bbox 1316 1053 1389 1096; x_wconf 91' lang='lat' dir='ltr'>ille</span> <span class='ocrx_word' id='word_1_94' title='bbox 1430 1055 1692 1096; x_wconf 88' lang='lat' dir='ltr'>miserrimus</span> <span class='ocrx_word' id='word_1_95' title='bbox 1739 1057 1819 1096; x_wconf 82' lang='lat' dir='ltr'>sub</span> 
     </span>
     <span class='ocr_line' id='line_1_13' title="bbox 274 1123 1817 1177; baseline 0.001 -11"><span class='ocrx_word' id='word_1_96' title='bbox 274 1128 558 1175; x_wconf 89' lang='lat' dir='ltr'>spectatorum</span> <span class='ocrx_word' id='word_1_97' title='bbox 601 1124 742 1165; x_wconf 89' lang='grc'>0011108</span> <span class='ocrx_word' id='word_1_98' title='bbox 785 1123 963 1165; x_wconf 87' lang='lat' dir='ltr'>ducatur</span> <span class='ocrx_word' id='word_1_99' title='bbox 1006 1128 1049 1166; x_wconf 87' lang='lat' dir='ltr'>et</span> <span class='ocrx_word' id='word_1_100' title='bbox 1100 1124 1284 1176; x_wconf 81' lang='lat' dir='ltr'>Clitipho</span> <span class='ocrx_word' id='word_1_101' title='bbox 1339 1129 1507 1176; x_wconf 86' lang='lat' dir='ltr'>patrum</span> <span class='ocrx_word' id='word_1_102' title='bbox 1549 1125 1817 1177; x_wconf 86' lang='lat' dir='ltr'>iniquitatem</span> 
     </span>
     <span class='ocr_line' id='line_1_14' title="bbox 275 1195 1819 1247; baseline 0.001 -11"><span class='ocrx_word' id='word_1_103' title='bbox 275 1195 553 1236; x_wconf 81' lang='lat' dir='ltr'>vehementer</span> <span class='ocrx_word' id='word_1_104' title='bbox 585 1200 787 1245; x_wconf 86' lang='lat' dir='ltr'>queratur</span> <span class='ocrx_word' id='word_1_105' title='bbox 809 1199 853 1236; x_wconf 84' lang='lat' dir='ltr'>et</span> <span class='ocrx_word' id='word_1_106' title='bbox 875 1195 1013 1236; x_wconf 65' lang='lat' dir='ltr'>Clinia</span> <span class='ocrx_word' id='word_1_107' title='bbox 1044 1207 1206 1236; x_wconf 90' lang='lat' dir='ltr'>summo</span> <span class='ocrx_word' id='word_1_108' title='bbox 1237 1195 1390 1237; x_wconf 85' lang='lat' dir='ltr'>timore</span> <span class='ocrx_word' id='word_1_109' title='bbox 1413 1196 1572 1238; x_wconf 89' lang='lat' dir='ltr'>amicae</span> <span class='ocrx_word' id='word_1_110' title='bbox 1596 1202 1819 1247; x_wconf 84' lang='lat' dir='ltr'>corruptae</span> 
     </span>
     <span class='ocr_line' id='line_1_15' title="bbox 275 1265 1821 1318; baseline 0.001 -12"><span class='ocrx_word' id='word_1_111' title='bbox 275 1265 455 1306; x_wconf 81' lang='lat' dir='ltr'>affectus</span> <span class='ocrx_word' id='word_1_112' title='bbox 489 1265 609 1306; x_wconf 89' lang='lat' dir='ltr'>domo</span> <span class='ocrx_word' id='word_1_113' title='bbox 641 1269 829 1318; x_wconf 80' lang='lat' dir='ltr'>proruat,</span> <span class='ocrx_word' id='word_1_114' title='bbox 871 1266 1011 1307; x_wconf 90' lang='lat' dir='ltr'>subito</span> <span class='ocrx_word' id='word_1_115' title='bbox 1043 1265 1181 1308; x_wconf 90' lang='lat' dir='ltr'>servis</span> <span class='ocrx_word' id='word_1_116' title='bbox 1214 1265 1540 1308; x_wconf 83' lang='lat' dir='ltr'>advenientibus</span> <span class='ocrx_word' id='word_1_117' title='bbox 1574 1266 1679 1308; x_wconf 88' lang='lat' dir='ltr'>satis</span> <span class='ocrx_word' id='word_1_118' title='bbox 1710 1266 1821 1308; x_wconf 90' lang='lat' dir='ltr'>iocu-</span> 
     </span>
     <span class='ocr_line' id='line_1_16' title="bbox 273 1335 1822 1389; baseline 0.001 -12"><span class='ocrx_word' id='word_1_119' title='bbox 273 1336 374 1377; x_wconf 88' lang='lat' dir='ltr'>laris</span> <span class='ocrx_word' id='word_1_120' title='bbox 408 1340 535 1387; x_wconf 90' lang='lat' dir='ltr'>atque</span> <span class='ocrx_word' id='word_1_121' title='bbox 568 1335 620 1376; x_wconf 90' lang='lat' dir='ltr'>ad</span> <span class='ocrx_word' id='word_1_122' title='bbox 652 1336 764 1378; x_wconf 88' lang='lat' dir='ltr'>risus</span> <span class='ocrx_word' id='word_1_123' title='bbox 796 1336 1027 1378; x_wconf 84' lang='lat' dir='ltr'>movendos</span> <span class='ocrx_word' id='word_1_124' title='bbox 1059 1335 1211 1378; x_wconf 88' lang='lat' dir='ltr'>idonea</span> <span class='ocrx_word' id='word_1_125' title='bbox 1242 1336 1303 1389; x_wconf 84' lang='lat' dir='ltr'>fit,</span> <span class='ocrx_word' id='word_1_126' title='bbox 1347 1342 1392 1378; x_wconf 84' lang='lat' dir='ltr'>ut</span> <span class='ocrx_word' id='word_1_127' title='bbox 1429 1338 1509 1379; x_wconf 88' lang='lat' dir='ltr'>hac</span> <span class='ocrx_word' id='word_1_128' title='bbox 1540 1348 1587 1379; x_wconf 88' lang='lat' dir='ltr'>re</span> <span class='ocrx_word' id='word_1_129' title='bbox 1624 1342 1822 1389; x_wconf 88' lang='lat' dir='ltr'>respecta</span> 
     </span>
     <span class='ocr_line' id='line_1_17' title="bbox 274 1405 1822 1459; baseline 0.001 -12"><span class='ocrx_word' id='word_1_130' title='bbox 274 1405 425 1459; x_wconf 73' lang='lat' dir='ltr'>Syrum</span> <span class='ocrx_word' id='word_1_131' title='bbox 457 1407 553 1448; x_wconf 84' lang='lat' dir='ltr'>novi</span> <span class='ocrx_word' id='word_1_132' title='bbox 597 1406 757 1458; x_wconf 88' lang='lat' dir='ltr'>aliquid</span> <span class='ocrx_word' id='word_1_133' title='bbox 787 1407 831 1448; x_wconf 90' lang='lat' dir='ltr'>in</span> <span class='ocrx_word' id='word_1_134' title='bbox 863 1407 1050 1448; x_wconf 82' lang='lat' dir='ltr'>fabulam</span> <span class='ocrx_word' id='word_1_135' title='bbox 1087 1407 1249 1449; x_wconf 79' lang='lat' dir='ltr'>inferre</span> <span class='ocrx_word' id='word_1_136' title='bbox 1286 1406 1490 1449; x_wconf 85' lang='lat' dir='ltr'>Roettero</span> <span class='ocrx_word' id='word_1_137' title='bbox 1531 1407 1822 1450; x_wconf 86' lang='lat' dir='ltr'>concedamus.</span> 
     </span>
     <span class='ocr_line' id='line_1_18' title="bbox 274 1477 1821 1531; baseline 0.001 -13"><span class='ocrx_word' id='word_1_138' title='bbox 274 1477 405 1531; x_wconf 77' lang='lat' dir='ltr'>Quasi</span> <span class='ocrx_word' id='word_1_139' title='bbox 437 1478 546 1519; x_wconf 89' lang='grc'>0111111</span> <span class='ocrx_word' id='word_1_140' title='bbox 581 1490 727 1520; x_wconf 90' lang='lat' dir='ltr'>scurra</span> <span class='ocrx_word' id='word_1_141' title='bbox 757 1478 801 1519; x_wconf 92' lang='lat' dir='ltr'>in</span> <span class='ocrx_word' id='word_1_142' title='bbox 835 1490 1032 1520; x_wconf 89' lang='lat' dir='ltr'>scaenam</span> <span class='ocrx_word' id='word_1_143' title='bbox 1054 1478 1185 1530; x_wconf 85' lang='lat' dir='ltr'>venit,</span> <span class='ocrx_word' id='word_1_144' title='bbox 1220 1478 1375 1530; x_wconf 83' lang='lat' dir='ltr'>quippe</span> <span class='ocrx_word' id='word_1_145' title='bbox 1409 1491 1531 1530; x_wconf 88' lang='lat' dir='ltr'>quem</span> <span class='ocrx_word' id='word_1_146' title='bbox 1562 1479 1700 1530; x_wconf 91' lang='lat' dir='ltr'>ipsum</span> <span class='ocrx_word' id='word_1_147' title='bbox 1729 1479 1821 1520; x_wconf 89' lang='lat' dir='ltr'>eius</span> 
     </span>
     <span class='ocr_line' id='line_1_19' title="bbox 275 1548 1822 1601; baseline 0.001 -11"><span class='ocrx_word' id='word_1_148' title='bbox 275 1548 389 1590; x_wconf 89' lang='lat' dir='ltr'>senis</span> <span class='ocrx_word' id='word_1_149' title='bbox 429 1548 642 1601; x_wconf 81' lang='lat' dir='ltr'>misereat,</span> <span class='ocrx_word' id='word_1_150' title='bbox 686 1560 807 1599; x_wconf 89' lang='lat' dir='ltr'>quem</span> <span class='ocrx_word' id='word_1_151' title='bbox 853 1548 1193 1599; x_wconf 86' lang='lat' dir='ltr'>petulantissime</span> <span class='ocrx_word' id='word_1_152' title='bbox 1235 1554 1302 1590; x_wconf 83' lang='lat' dir='ltr'>est</span> <span class='ocrx_word' id='word_1_153' title='bbox 1340 1549 1606 1600; x_wconf 86' lang='lat' dir='ltr'>decepturus.</span> <span class='ocrx_word' id='word_1_154' title='bbox 1674 1549 1822 1600; x_wconf 79' lang='lat' dir='ltr'>Neque</span> 
     </span>
     <span class='ocr_line' id='line_1_20' title="bbox 275 1619 1820 1671; baseline 0 -11"><span class='ocrx_word' id='word_1_155' title='bbox 275 1631 375 1660; x_wconf 74' lang='lat' dir='ltr'>vero</span> <span class='ocrx_word' id='word_1_156' title='bbox 407 1619 449 1660; x_wconf 90' lang='lat' dir='ltr'>id</span> <span class='ocrx_word' id='word_1_157' title='bbox 483 1619 587 1660; x_wconf 90' lang='lat' dir='ltr'>satis</span> <span class='ocrx_word' id='word_1_158' title='bbox 619 1619 834 1667; x_wconf 90' lang='lat' dir='ltr'>audaciae,</span> <span class='ocrx_word' id='word_1_159' title='bbox 876 1619 984 1671; x_wconf 89' lang='lat' dir='ltr'>quod</span> <span class='ocrx_word' id='word_1_160' title='bbox 1016 1619 1068 1660; x_wconf 93' lang='lat' dir='ltr'>ad</span> <span class='ocrx_word' id='word_1_161' title='bbox 1100 1619 1234 1670; x_wconf 89' lang='lat' dir='ltr'>ipsius</span> <span class='ocrx_word' id='word_1_162' title='bbox 1266 1620 1400 1671; x_wconf 86' lang='lat' dir='ltr'>patris</span> <span class='ocrx_word' id='word_1_163' title='bbox 1433 1632 1580 1661; x_wconf 91' lang='lat' dir='ltr'>cenam</span> <span class='ocrx_word' id='word_1_164' title='bbox 1612 1619 1688 1661; x_wconf 88' lang='lat' dir='ltr'>filii</span> <span class='ocrx_word' id='word_1_165' title='bbox 1720 1620 1820 1661; x_wconf 90' lang='lat' dir='ltr'>ami-</span> 
     </span>
     <span class='ocr_line' id='line_1_21' title="bbox 275 1689 1822 1742; baseline 0 -11"><span class='ocrx_word' id='word_1_166' title='bbox 275 1702 365 1731; x_wconf 87' lang='lat' dir='ltr'>cam</span> <span class='ocrx_word' id='word_1_167' title='bbox 398 1690 739 1741; x_wconf 89' lang='lat' dir='ltr'>procacissimam</span> <span class='ocrx_word' id='word_1_168' title='bbox 773 1690 927 1732; x_wconf 89' lang='lat' dir='ltr'>ducere</span> <span class='ocrx_word' id='word_1_169' title='bbox 957 1690 1002 1732; x_wconf 91' lang='lat' dir='ltr'>in</span> <span class='ocrx_word' id='word_1_170' title='bbox 1035 1691 1172 1732; x_wconf 90' lang='lat' dir='ltr'>animo</span> <span class='ocrx_word' id='word_1_171' title='bbox 1205 1691 1345 1733; x_wconf 90' lang='lat' dir='ltr'>habet.</span> <span class='ocrx_word' id='word_1_172' title='bbox 1397 1689 1530 1732; x_wconf 89' lang='lat' dir='ltr'>Immo</span> <span class='ocrx_word' id='word_1_173' title='bbox 1562 1691 1699 1742; x_wconf 88' lang='lat' dir='ltr'>ipsum</span> <span class='ocrx_word' id='word_1_174' title='bbox 1721 1690 1822 1732; x_wconf 91' lang='lat' dir='ltr'>adu·</span> 
     </span>
     <span class='ocr_line' id='line_1_22' title="bbox 274 1760 1820 1814; baseline 0 -12"><span class='ocrx_word' id='word_1_175' title='bbox 274 1761 519 1813; x_wconf 88' lang='lat' dir='ltr'>lescentem‚</span> <span class='ocrx_word' id='word_1_176' title='bbox 565 1761 631 1803; x_wconf 88' lang='lat' dir='ltr'>cui</span> <span class='ocrx_word' id='word_1_177' title='bbox 670 1765 715 1802; x_wconf 90' lang='lat' dir='ltr'>ut</span> <span class='ocrx_word' id='word_1_178' title='bbox 755 1760 870 1814; x_wconf 84' lang='lat' dir='ltr'>frugi</span> <span class='ocrx_word' id='word_1_179' title='bbox 902 1773 1072 1804; x_wconf 86' lang='lat' dir='ltr'>servum</span> <span class='ocrx_word' id='word_1_180' title='bbox 1113 1761 1270 1813; x_wconf 81' lang='lat' dir='ltr'>optime</span> <span class='ocrx_word' id='word_1_181' title='bbox 1303 1761 1566 1803; x_wconf 90' lang='lat' dir='ltr'>consuluisse</span> <span class='ocrx_word' id='word_1_182' title='bbox 1598 1773 1644 1803; x_wconf 90' lang='lat' dir='ltr'>se</span> <span class='ocrx_word' id='word_1_183' title='bbox 1676 1762 1820 1814; x_wconf 87' lang='lat' dir='ltr'>iactat,</span> 
     </span>
     <span class='ocr_line' id='line_1_23' title="bbox 275 1831 1822 1885; baseline 0.001 -13"><span class='ocrx_word' id='word_1_184' title='bbox 275 1831 468 1883; x_wconf 88' lang='lat' dir='ltr'>quamvis</span> <span class='ocrx_word' id='word_1_185' title='bbox 500 1832 680 1873; x_wconf 87' lang='lat' dir='ltr'>invitum</span> <span class='ocrx_word' id='word_1_186' title='bbox 713 1843 761 1874; x_wconf 90' lang='lat' dir='ltr'>eo</span> <span class='ocrx_word' id='word_1_187' title='bbox 794 1832 980 1885; x_wconf 83' lang='lat' dir='ltr'>adducit,</span> <span class='ocrx_word' id='word_1_188' title='bbox 1018 1836 1064 1874; x_wconf 86' lang='lat' dir='ltr'>ut</span> <span class='ocrx_word' id='word_1_189' title='bbox 1095 1832 1269 1873; x_wconf 88' lang='lat' dir='ltr'>consilio</span> <span class='ocrx_word' id='word_1_190' title='bbox 1303 1844 1376 1873; x_wconf 92' lang='lat' dir='ltr'>suo</span> <span class='ocrx_word' id='word_1_191' title='bbox 1410 1832 1688 1874; x_wconf 88' lang='lat' dir='ltr'>audacissimo</span> <span class='ocrx_word' id='word_1_192' title='bbox 1722 1832 1822 1873; x_wconf 90' lang='lat' dir='ltr'>asti-</span> 
     </span>
     <span class='ocr_line' id='line_1_24' title="bbox 276 1902 1821 1956; baseline 0.001 -13"><span class='ocrx_word' id='word_1_193' title='bbox 276 1902 457 1954; x_wconf 83' lang='lat' dir='ltr'>puletur,</span> <span class='ocrx_word' id='word_1_194' title='bbox 496 1902 604 1954; x_wconf 91' lang='lat' dir='ltr'>quod</span> <span class='ocrx_word' id='word_1_195' title='bbox 643 1906 689 1944; x_wconf 92' lang='lat' dir='ltr'>ut</span> <span class='ocrx_word' id='word_1_196' title='bbox 721 1906 993 1956; x_wconf 88' lang='lat' dir='ltr'>exsequatur,</span> <span class='ocrx_word' id='word_1_197' title='bbox 1035 1915 1117 1945; x_wconf 90' lang='lat' dir='ltr'>non</span> <span class='ocrx_word' id='word_1_198' title='bbox 1139 1903 1284 1951; x_wconf 76' lang='grc'>,80111111</span> <span class='ocrx_word' id='word_1_199' title='bbox 1316 1903 1456 1955; x_wconf 90' lang='lat' dir='ltr'>ipsum</span> <span class='ocrx_word' id='word_1_200' title='bbox 1489 1903 1821 1955; x_wconf 86' lang='lat' dir='ltr'>adulescentem,</span> 
     </span>
     <span class='ocr_line' id='line_1_25' title="bbox 276 1973 1822 2026; baseline 0.001 -13"><span class='ocrx_word' id='word_1_201' title='bbox 276 1973 392 2014; x_wconf 91' lang='lat' dir='ltr'>cuius</span> <span class='ocrx_word' id='word_1_202' title='bbox 415 1973 709 2026; x_wconf 88' lang='lat' dir='ltr'>paedagogum</span> <span class='ocrx_word' id='word_1_203' title='bbox 738 1986 784 2016; x_wconf 89' lang='lat' dir='ltr'>se</span> <span class='ocrx_word' id='word_1_204' title='bbox 806 1986 902 2016; x_wconf 90' lang='lat' dir='ltr'>esse</span> <span class='ocrx_word' id='word_1_205' title='bbox 931 1973 1035 2015; x_wconf 89' lang='lat' dir='ltr'>alias</span> <span class='ocrx_word' id='word_1_206' title='bbox 1058 1973 1213 2025; x_wconf 91' lang='lat' dir='ltr'>prodit,</span> <span class='ocrx_word' id='word_1_207' title='bbox 1244 1973 1389 2015; x_wconf 88' lang='lat' dir='ltr'>statim</span> <span class='ocrx_word' id='word_1_208' title='bbox 1412 1973 1630 2015; x_wconf 90' lang='lat' dir='ltr'>mendacio</span> <span class='ocrx_word' id='word_1_209' title='bbox 1656 1973 1822 2026; x_wconf 81' lang='lat' dir='ltr'>fallere,</span> 
     </span>
     <span class='ocr_line' id='line_1_26' title="bbox 276 2043 1819 2097; baseline 0 -12"><span class='ocrx_word' id='word_1_210' title='bbox 276 2043 350 2085; x_wconf 89' lang='lat' dir='ltr'>sed</span> <span class='ocrx_word' id='word_1_211' title='bbox 384 2044 512 2085; x_wconf 89' lang='lat' dir='ltr'>etiam</span> <span class='ocrx_word' id='word_1_212' title='bbox 545 2044 666 2086; x_wconf 90' lang='lat' dir='ltr'>domo</span> <span class='ocrx_word' id='word_1_213' title='bbox 695 2044 923 2086; x_wconf 76' lang='lat' dir='ltr'>extrudere</span> <span class='ocrx_word' id='word_1_214' title='bbox 951 2044 1127 2097; x_wconf 85' lang='lat' dir='ltr'>cogitur.</span> <span class='ocrx_word' id='word_1_215' title='bbox 1181 2044 1328 2086; x_wconf 81' lang='lat' dir='ltr'>Nonne</span> <span class='ocrx_word' id='word_1_216' title='bbox 1349 2044 1482 2096; x_wconf 90' lang='lat' dir='ltr'>igitur</span> <span class='ocrx_word' id='word_1_217' title='bbox 1505 2044 1819 2096; x_wconf 88' lang='lat' dir='ltr'>apertissimum</span> 
     </span>
     <span class='ocr_line' id='line_1_27' title="bbox 276 2114 1823 2167; baseline -0.001 -11"><span class='ocrx_word' id='word_1_218' title='bbox 276 2118 341 2156; x_wconf 89' lang='lat' dir='ltr'>est</span> <span class='ocrx_word' id='word_1_219' title='bbox 383 2119 546 2165; x_wconf 88' lang='lat' dir='ltr'>poetam</span> <span class='ocrx_word' id='word_1_220' title='bbox 595 2115 694 2156; x_wconf 88' lang='lat' dir='ltr'>data</span> <span class='ocrx_word' id='word_1_221' title='bbox 736 2127 865 2167; x_wconf 86' lang='lat' dir='ltr'>opera</span> <span class='ocrx_word' id='word_1_222' title='bbox 905 2127 975 2157; x_wconf 91' lang='lat' dir='ltr'>res</span> <span class='ocrx_word' id='word_1_223' title='bbox 1018 2115 1061 2156; x_wconf 92' lang='lat' dir='ltr'>in</span> <span class='ocrx_word' id='word_1_224' title='bbox 1104 2115 1278 2167; x_wconf 87' lang='lat' dir='ltr'>reliquis</span> <span class='ocrx_word' id='word_1_225' title='bbox 1321 2114 1477 2156; x_wconf 75' lang='lat' dir='ltr'>fabulis</span> <span class='ocrx_word' id='word_1_226' title='bbox 1521 2114 1733 2156; x_wconf 83' lang='lat' dir='ltr'>Plautinis</span> <span class='ocrx_word' id='word_1_227' title='bbox 1778 2118 1823 2156; x_wconf 86' lang='lat' dir='ltr'>et</span> 
     </span>
     <span class='ocr_line' id='line_1_28' title="bbox 276 2184 1672 2237; baseline 0 -11"><span class='ocrx_word' id='word_1_228' title='bbox 276 2184 547 2227; x_wconf 89' lang='lat' dir='ltr'>Terentianis</span> <span class='ocrx_word' id='word_1_229' title='bbox 580 2185 884 2228; x_wconf 80' lang='lat' dir='ltr'>usitatissimas</span> <span class='ocrx_word' id='word_1_230' title='bbox 916 2185 959 2227; x_wconf 91' lang='lat' dir='ltr'>in</span> <span class='ocrx_word' id='word_1_231' title='bbox 991 2186 1246 2227; x_wconf 86' lang='lat' dir='ltr'>contrariam</span> <span class='ocrx_word' id='word_1_232' title='bbox 1279 2190 1445 2237; x_wconf 87' lang='lat' dir='ltr'>partem</span> <span class='ocrx_word' id='word_1_233' title='bbox 1478 2184 1672 2227; x_wconf 74' lang='lat' dir='ltr'>mutare?</span> 
     </span>
    </p>

    <p class='ocr_par' dir='ltr' id='par_1_4' title="bbox 275 2255 1824 2872">
     <span class='ocr_line' id='line_1_29' title="bbox 394 2255 1818 2309; baseline 0 -13"><span class='ocrx_word' id='word_1_234' title='bbox 394 2255 514 2309; x_wconf 79' lang='lat' dir='ltr'>Quod</span> <span class='ocrx_word' id='word_1_235' title='bbox 560 2259 709 2307; x_wconf 81' lang='lat' dir='ltr'>poetae</span> <span class='ocrx_word' id='word_1_236' title='bbox 742 2256 977 2309; x_wconf 89' lang='lat' dir='ltr'>consilium,</span> <span class='ocrx_word' id='word_1_237' title='bbox 1022 2260 1067 2297; x_wconf 86' lang='lat' dir='ltr'>ut</span> <span class='ocrx_word' id='word_1_238' title='bbox 1100 2256 1360 2309; x_wconf 87' lang='lat' dir='ltr'>agnitionem</span> <span class='ocrx_word' id='word_1_239' title='bbox 1400 2256 1516 2297; x_wconf 89' lang='lat' dir='ltr'>illam</span> <span class='ocrx_word' id='word_1_240' title='bbox 1549 2263 1635 2298; x_wconf 89' lang='lat' dir='ltr'>tam</span> <span class='ocrx_word' id='word_1_241' title='bbox 1668 2256 1818 2297; x_wconf 91' lang='lat' dir='ltr'>mirum</span> 
     </span>
     <span class='ocr_line' id='line_1_30' title="bbox 275 2326 1820 2379; baseline -0.001 -12"><span class='ocrx_word' id='word_1_242' title='bbox 275 2326 317 2367; x_wconf 92' lang='lat' dir='ltr'>in</span> <span class='ocrx_word' id='word_1_243' title='bbox 347 2326 515 2368; x_wconf 90' lang='lat' dir='ltr'>modum</span> <span class='ocrx_word' id='word_1_244' title='bbox 538 2326 771 2368; x_wconf 87' lang='lat' dir='ltr'>adhibitam</span> <span class='ocrx_word' id='word_1_245' title='bbox 794 2327 877 2368; x_wconf 91' lang='lat' dir='ltr'>iam</span> <span class='ocrx_word' id='word_1_246' title='bbox 901 2326 1157 2379; x_wconf 86' lang='lat' dir='ltr'>omittamus,</span> <span class='ocrx_word' id='word_1_247' title='bbox 1191 2326 1322 2368; x_wconf 88' lang='lat' dir='ltr'>multo</span> <span class='ocrx_word' id='word_1_248' title='bbox 1356 2326 1580 2368; x_wconf 83' lang='lat' dir='ltr'>dilucidius</span> <span class='ocrx_word' id='word_1_249' title='bbox 1609 2326 1657 2368; x_wconf 90' lang='lat' dir='ltr'>fit</span> <span class='ocrx_word' id='word_1_250' title='bbox 1679 2338 1729 2368; x_wconf 88' lang='lat' dir='ltr'>ea</span> <span class='ocrx_word' id='word_1_251' title='bbox 1757 2338 1820 2378; x_wconf 88' lang='lat' dir='ltr'>re,</span> 
     </span>
     <span class='ocr_line' id='line_1_31' title="bbox 278 2396 1823 2448; baseline -0.001 -10"><span class='ocrx_word' id='word_1_252' title='bbox 278 2396 386 2447; x_wconf 87' lang='lat' dir='ltr'>quod</span> <span class='ocrx_word' id='word_1_253' title='bbox 426 2408 556 2438; x_wconf 85' lang='lat' dir='ltr'>senex</span> <span class='ocrx_word' id='word_1_254' title='bbox 596 2396 690 2448; x_wconf 91' lang='lat' dir='ltr'>ipse</span> <span class='ocrx_word' id='word_1_255' title='bbox 728 2408 806 2448; x_wconf 90' lang='lat' dir='ltr'>per</span> <span class='ocrx_word' id='word_1_256' title='bbox 843 2397 1037 2438; x_wconf 79' lang='lat' dir='ltr'>fraudem</span> <span class='ocrx_word' id='word_1_257' title='bbox 1074 2396 1288 2439; x_wconf 73' lang='lat' dir='ltr'>fallendus</span> <span class='ocrx_word' id='word_1_258' title='bbox 1329 2397 1459 2437; x_wconf 74' lang='lat' dir='ltr'>nim³a</span> <span class='ocrx_word' id='word_1_259' title='bbox 1498 2397 1611 2438; x_wconf 75' lang='lat' dir='ltr'>servi</span> <span class='ocrx_word' id='word_1_260' title='bbox 1643 2397 1823 2438; x_wconf 88' lang='lat' dir='ltr'>audacia</span> 
     </span>
     <span class='ocr_line' id='line_1_32' title="bbox 278 2466 1818 2519; baseline 0 -12"><span class='ocrx_word' id='word_1_261' title='bbox 278 2467 328 2508; x_wconf 87' lang='lat' dir='ltr'>ad</span> <span class='ocrx_word' id='word_1_262' title='bbox 372 2480 441 2509; x_wconf 90' lang='lat' dir='ltr'>res</span> <span class='ocrx_word' id='word_1_263' title='bbox 484 2479 654 2518; x_wconf 89' lang='lat' dir='ltr'>prorsus</span> <span class='ocrx_word' id='word_1_264' title='bbox 695 2467 910 2509; x_wconf 86' lang='lat' dir='ltr'>inauditas</span> <span class='ocrx_word' id='word_1_265' title='bbox 952 2466 1245 2519; x_wconf 88' lang='lat' dir='ltr'>suscipiendas</span> <span class='ocrx_word' id='word_1_266' title='bbox 1290 2467 1468 2509; x_wconf 84' lang='lat' dir='ltr'>ducitur.</span> <span class='ocrx_word' id='word_1_267' title='bbox 1538 2473 1603 2508; x_wconf 78' lang='lat' dir='ltr'>An</span> <span class='ocrx_word' id='word_1_268' title='bbox 1650 2467 1733 2508; x_wconf 90' lang='lat' dir='ltr'>alia</span> <span class='ocrx_word' id='word_1_269' title='bbox 1776 2468 1818 2507; x_wconf 90' lang='grc'>111</span> 
     </span>
     <span class='ocr_line' id='line_1_33' title="bbox 276 2537 1822 2591; baseline 0 -12"><span class='ocrx_word' id='word_1_270' title='bbox 276 2538 422 2580; x_wconf 71' lang='lat' dir='ltr'>fabula</span> <span class='ocrx_word' id='word_1_271' title='bbox 459 2538 636 2591; x_wconf 89' lang='lat' dir='ltr'>palliata</span> <span class='ocrx_word' id='word_1_272' title='bbox 673 2538 902 2591; x_wconf 78' lang='lat' dir='ltr'>invenitur,</span> <span class='ocrx_word' id='word_1_273' title='bbox 944 2543 991 2580; x_wconf 92' lang='lat' dir='ltr'>ut</span> <span class='ocrx_word' id='word_1_274' title='bbox 1029 2550 1160 2581; x_wconf 83' lang='lat' dir='ltr'>senex</span> <span class='ocrx_word' id='word_1_275' title='bbox 1201 2538 1293 2590; x_wconf 90' lang='lat' dir='ltr'>ipse</span> <span class='ocrx_word' id='word_1_276' title='bbox 1333 2538 1424 2579; x_wconf 91' lang='lat' dir='ltr'>seni</span> <span class='ocrx_word' id='word_1_277' title='bbox 1465 2537 1735 2591; x_wconf 87' lang='lat' dir='ltr'>persuadeat,</span> <span class='ocrx_word' id='word_1_278' title='bbox 1776 2542 1822 2579; x_wconf 92' lang='lat' dir='ltr'>ut</span> 
     </span>
     <span class='ocr_line' id='line_1_34' title="bbox 276 2608 1824 2662; baseline 0.001 -13"><span class='ocrx_word' id='word_1_279' title='bbox 276 2608 445 2650; x_wconf 82' lang='lat' dir='ltr'>fallacia</span> <span class='ocrx_word' id='word_1_280' title='bbox 479 2620 525 2651; x_wconf 91' lang='lat' dir='ltr'>se</span> <span class='ocrx_word' id='word_1_281' title='bbox 557 2608 696 2661; x_wconf 89' lang='lat' dir='ltr'>decipi</span> <span class='ocrx_word' id='word_1_282' title='bbox 729 2609 930 2662; x_wconf 88' lang='lat' dir='ltr'>patiatur,</span> <span class='ocrx_word' id='word_1_283' title='bbox 963 2613 1010 2651; x_wconf 89' lang='lat' dir='ltr'>ut</span> <span class='ocrx_word' id='word_1_284' title='bbox 1041 2609 1150 2651; x_wconf 90' lang='lat' dir='ltr'>alter</span> <span class='ocrx_word' id='word_1_285' title='bbox 1183 2620 1314 2651; x_wconf 87' lang='lat' dir='ltr'>senex</span> <span class='ocrx_word' id='word_1_286' title='bbox 1345 2609 1428 2650; x_wconf 91' lang='lat' dir='ltr'>iam</span> <span class='ocrx_word' id='word_1_287' title='bbox 1462 2608 1603 2659; x_wconf 85' lang='lat' dir='ltr'>cupiat</span> <span class='ocrx_word' id='word_1_288' title='bbox 1636 2608 1741 2661; x_wconf 79' lang='lat' dir='ltr'>falli,</span> <span class='ocrx_word' id='word_1_289' title='bbox 1774 2614 1824 2650; x_wconf 82' lang='lat' dir='ltr'>ut</span> 
     </span>
     <span class='ocr_line' id='line_1_35' title="bbox 277 2678 1822 2731; baseline 0 -11"><span class='ocrx_word' id='word_1_290' title='bbox 277 2691 408 2721; x_wconf 81' lang='lat' dir='ltr'>senex</span> <span class='ocrx_word' id='word_1_291' title='bbox 430 2680 523 2731; x_wconf 90' lang='lat' dir='ltr'>ipse</span> <span class='ocrx_word' id='word_1_292' title='bbox 547 2691 716 2722; x_wconf 87' lang='lat' dir='ltr'>servum</span> <span class='ocrx_word' id='word_1_293' title='bbox 739 2679 790 2721; x_wconf 87' lang='lat' dir='ltr'>ad</span> <span class='ocrx_word' id='word_1_294' title='bbox 815 2679 955 2721; x_wconf 91' lang='lat' dir='ltr'>dolum</span> <span class='ocrx_word' id='word_1_295' title='bbox 982 2679 1024 2720; x_wconf 92' lang='lat' dir='ltr'>in</span> <span class='ocrx_word' id='word_1_296' title='bbox 1048 2679 1227 2721; x_wconf 87' lang='lat' dir='ltr'>alterum</span> <span class='ocrx_word' id='word_1_297' title='bbox 1252 2690 1398 2721; x_wconf 91' lang='lat' dir='ltr'>senem</span> <span class='ocrx_word' id='word_1_298' title='bbox 1419 2678 1725 2721; x_wconf 90' lang='lat' dir='ltr'>intendendum</span> <span class='ocrx_word' id='word_1_299' title='bbox 1746 2679 1822 2720; x_wconf 91' lang='lat' dir='ltr'>im-</span> 
     </span>
     <span class='ocr_line' id='line_1_36' title="bbox 277 2749 1822 2803; baseline 0 -13"><span class='ocrx_word' id='word_1_300' title='bbox 277 2750 421 2803; x_wconf 87' lang='lat' dir='ltr'>pellat,</span> <span class='ocrx_word' id='word_1_301' title='bbox 465 2755 511 2791; x_wconf 90' lang='lat' dir='ltr'>ut</span> <span class='ocrx_word' id='word_1_302' title='bbox 553 2749 604 2792; x_wconf 89' lang='lat' dir='ltr'>de</span> <span class='ocrx_word' id='word_1_303' title='bbox 636 2750 888 2792; x_wconf 80' lang='lat' dir='ltr'>Menedemo</span> <span class='ocrx_word' id='word_1_304' title='bbox 931 2754 1031 2792; x_wconf 85' lang='lat' dir='ltr'>ante</span> <span class='ocrx_word' id='word_1_305' title='bbox 1062 2750 1249 2791; x_wconf 85' lang='lat' dir='ltr'>fabulam</span> <span class='ocrx_word' id='word_1_306' title='bbox 1289 2749 1576 2802; x_wconf 83' lang='lat' dir='ltr'>severissimo,</span> <span class='ocrx_word' id='word_1_307' title='bbox 1617 2761 1728 2791; x_wconf 89' lang='lat' dir='ltr'>nunc</span> <span class='ocrx_word' id='word_1_308' title='bbox 1759 2749 1822 2790; x_wconf 90' lang='lat' dir='ltr'>in-</span> 
     </span>
     <span class='ocr_line' id='line_1_37' title="bbox 277 2820 963 2872; baseline 0.003 -12"><span class='ocrx_word' id='word_1_309' title='bbox 277 2820 600 2872; x_wconf 87' lang='lat' dir='ltr'>dulgentissimo</span> <span class='ocrx_word' id='word_1_310' title='bbox 631 2833 715 2862; x_wconf 93' lang='lat' dir='ltr'>non</span> <span class='ocrx_word' id='word_1_311' title='bbox 748 2820 963 2862; x_wconf 75' lang='lat' dir='ltr'>dicamus?</span> 
     </span>
    </p>
   </div>
  </div>
 </body>
</html>
