2030 3266
961 256 1220 294 „2—

317 373 581 417 durchdacht
612 373 669 414 ist
701 373 769 414 die
801 372 937 415 Fabel
969 372 1044 414 des
1077 370 1596 422 Hautontim01·umenos“,
1631 370 1862 412 Schanzius

314 444 440 498 (Hist.
472 444 551 485 litt.
584 444 702 485 Rom.
735 443 779 484 1³
814 440 962 498 [1907]
997 455 1036 494 p.
1071 441 1172 494 147)
1205 441 1324 483 dicit:
1362 441 1476 492 „Das
1509 439 1643 482 Stiick
1674 440 1731 481 ist
1761 440 1863 482 sehr

314 514 611 566 mittelmassig‚
645 513 716 555 die
747 513 913 566 Intrige
945 513 1003 554 ist
1035 511 1269 554 schwach.“
1337 511 1487 562 itaque
1519 523 1613 552 cum
1645 515 1861 562 appareat,

316 592 415 637 quot
449 585 527 627 viri
562 584 675 626 docti
708 584 760 626 de
781 582 1234 625 Hautontimorumeno
1267 582 1446 634 egerint,
1479 585 1543 623 tot
1574 581 1664 622 fere
1697 586 1864 622 senten-

314 657 396 698 tias
429 659 600 697 exstare
633 668 657 696 a
689 667 735 696 se
768 654 973 706 diversaS,
1013 653 1123 720 lganc
1155 653 1290 704 ipsam
1322 652 1508 694 fabulam
1540 664 1634 693 esse
1667 651 1862 703 dignissi-

315 739 438 779 mam,
470 727 514 767 in
547 726 664 768 cuius
697 728 953 766 structuram
985 727 1028 766 et
1054 723 1275 765 consilium
1299 723 1435 764 denuo
1458 722 1708 774 inquiratur,
1742 734 1863 763 nemo

314 810 397 839 non
430 796 645 839 concedet.

433 867 551 921 Quae
583 865 901 919 compositionis
936 865 1126 917 quaestio
1159 864 1212 905 ad
1245 868 1407 905 certum
1433 864 1559 906 finem
1583 863 1758 915 perduci
1780 876 1861 904 non

315 943 457 991 potest
500 938 583 979 nisi
628 936 949 978 accuratissima
981 935 1150 978 fabulae
1183 935 1466 977 Terentianae
1496 934 1862 986 interpretatione,

313 1022 408 1051 cum
467 1020 603 1060 neque
646 1007 805 1049 Donati
853 1010 1136 1048 commentum
1180 1006 1233 1047 ad
1276 1006 1386 1046 hanc
1427 1005 1563 1057 ipsam
1607 1004 1862 1046 comoediam

314 1084 455 1123 exstet
497 1091 635 1130 neque
683 1078 735 1120 de
767 1077 946 1120 Terenti
988 1077 1161 1129 prologo
1205 1075 1456 1127 explicando
1496 1076 1578 1118 viri
1619 1075 1729 1117 docti
1772 1087 1865 1116 con-

315 1150 503 1192 sentiant
548 1161 686 1201 neque
730 1148 973 1197 fragmenta
1014 1147 1184 1189 fabulae
1216 1147 1408 1190 Graecae
1448 1146 1720 1188 inveniantur
1761 1146 1866 1186 satis

316 1228 388 1262 aut
428 1233 583 1273 magna
617 1224 689 1261 aut
722 1219 890 1272 gravia,
928 1231 1180 1270 quamquam
1213 1230 1266 1259 ne
1299 1218 1519 1270 prologum
1551 1222 1594 1259 et
1625 1217 1865 1269 fragmenta

315 1292 483 1344 quidem
528 1290 812 1344 neglegenda,
857 1290 932 1332 sed
977 1289 1114 1341 magis
1159 1301 1283 1340 quam
1327 1287 1463 1329 adhuc
1501 1287 1659 1329 factum
1692 1291 1770 1338 est,
1816 1298 1867 1327 ex

317 1369 404 1404 toto
437 1362 609 1404 fabulae
640 1373 753 1402 nexu
784 1359 1111 1412 interpretanda
1143 1371 1377 1401 censemus.
1430 1357 1547 1411 Quae
1570 1370 1664 1399 cum
1686 1357 1745 1399 ita
1770 1357 1867 1408 sint,
1895 1352 1899 1355 ’

312 1445 337 1475 e
379 1445 425 1475 re
465 1438 531 1474 est
571 1432 753 1484 primum
793 1431 962 1483 quidem
1001 1430 1172 1472 fabulae
1205 1433 1502 1483 argumentum
1535 1441 1658 1480 quam
1692 1428 1869 1480 diligen-

315 1504 479 1546 tissime
512 1515 739 1555 exponere,
774 1502 834 1543 ita
865 1506 912 1543 ut
934 1514 1005 1544 eos
1026 1502 1153 1553 locos,
1188 1501 1258 1552 qui
1281 1501 1393 1542 viros
1417 1499 1563 1541 doctos
1587 1498 1867 1549 offenderunt,

316 1575 498 1616 maxime
530 1574 819 1626 respiciamus.
873 1573 1023 1626 Itaque
1056 1573 1138 1613 iam
1163 1572 1217 1613 ad
1238 1571 1426 1613 fabulam
1448 1571 1581 1622 ipsam
1607 1568 1868 1611 accedamus.

979 1762 1130 1813 Pars
1169 1761 1204 1810 I.

701 1879 1033 1944 Argumenti
1071 1876 1485 1942 interpretatio,

987 2101 1136 2145 Actus
1169 2100 1207 2144 Ι.

440 2200 503 2241 Sc.
536 2200 556 2240 I
600 2197 847 2253 (54—174).
922 2197 1043 2238 Halis
1086 2195 1379 2237 Aexonidibus
1426 2194 1540 2235 inter
1582 2192 1871 2244 promunturia

320 2271 494 2313 Coliada
546 2275 589 2312 et
631 2270 808 2312 Zostera
852 2269 946 2310 sitis
963 2268 994 2321 1)
1036 2266 1245 2331 Dionysia
1288 2264 1478 2317 agrestia
1520 2267 1716 2316 aguntur.
1790 2261 1872 2302 Diu

440 2399 468 2442 1)
494 2398 697 2430 Menander
730 2397 827 2429 enim
861 2397 899 2428 in
931 2396 1140 2437 fragmento
1175 2394 1238 2426 illo
1274 2404 1294 2425 a
1320 2390 1608 2425 Reitzensteinio
1635 2390 1750 2431 (Ined.
1777 2394 1874 2432 poet.

322 2459 450 2492 Graec.
478 2458 590 2499 frgta.
617 2457 654 2488 in
685 2456 765 2489 Ind.
792 2457 874 2488 lect.
901 2455 1080 2488 Rostoch.
1109 2454 1198 2486 1890
1220 2456 1236 2484 1
1271 2463 1304 2495 p.
1332 2454 1366 2493 8)
1401 2451 1499 2484 edito
1534 2450 1594 2492 (cf.
1622 2449 1874 2488 Kretschmar,

322 2519 376 2551 De
411 2517 509 2550 Men.
536 2515 702 2558 reliquiis
729 2525 846 2557 nuper
871 2513 1039 2557 repertis,
1073 2513 1171 2545 Diss.
1198 2511 1296 2554 Lips.
1325 2511 1415 2542 1906
1442 2521 1476 2552 p.
1503 2510 1558 2550 57,
1595 2508 1657 2551 qui
1683 2509 1754 2540 hoc
1779 2507 1875 2547 frag-

322 2582 485 2609 mentum
520 2575 668 2607 exhibet
703 2584 786 2606 cum
811 2574 855 2606 tr.
886 2573 952 2605 140
977 2573 1012 2604 K
1045 2573 1096 2613 (C.
1122 2572 1165 2604 A.
1192 2571 1231 2604 F.
1258 2570 1321 2602 ΙΙΙ
1346 2580 1379 2612 p.
1406 2569 1467 2611 41)
1500 2572 1599 2600 recte
1625 2566 1876 2604 coniunctum)

323 2635 498 2668 certiores
530 2644 598 2666 nos
631 2632 720 2665 facit
752 2643 827 2664 non
859 2631 995 2664 alicubi
1027 2630 1106 2663 ruri
1137 2630 1232 2662 hanc
1265 2628 1428 2661 fabulam
1455 2637 1535 2659 esse
1561 2625 1777 2668 ponendam,
1814 2624 1876 2656 sed

323 2693 429 2726 Halis
473 2692 726 2726 Aexonidibus
765 2694 906 2733 septem
943 2690 1019 2722 fere
1057 2689 1159 2721 milia
1197 2698 1373 2731 passuum
1411 2687 1456 2718 ab
1489 2684 1643 2718 Athenis
1676 2683 1767 2724 sitis,
1804 2693 1876 2725 quo

326 2752 571 2786 Athenienses
598 2751 699 2794 ipsos
725 2749 863 2782 Bacchi
895 2749 1006 2781 ferias
1034 2753 1199 2790 agrestes
1235 2751 1357 2779 aetum
1384 2746 1532 2777 crebros
1558 2743 1702 2776 venisse
1729 2753 1772 2774 ex
1797 2741 1878 2784 ipsa

326 2812 453 2844 fabula
473 2810 695 2843 Terentiana
721 2808 892 2841 concludi
909 2812 1043 2851 potest.
1082 2807 1176 2840 Nam
1196 2805 1353 2838 Bacchis
1379 2804 1443 2836 illa
1468 2808 1544 2835 tam
1569 2801 1765 2843 magnifica
1783 2801 1877 2842 (227)

327 2869 411 2912 Syri
428 2869 620 2912 promissis
636 2869 717 2902 (362
731 2878 822 2910 sqq„
838 2868 905 2900 723
921 2868 1013 2909 sqq.)
1029 2871 1103 2899 tam
1119 2865 1225 2898 facile
1245 2863 1377 2897 adduci
1391 2863 1452 2896 vix
1465 2866 1602 2905 posset,
1617 2866 1659 2893 ut
1670 2871 1753 2893 eum
1768 2859 1877 2892 Chre-
