2030 3266
327 355 563 396 meretricis
581 354 715 396 forma
738 358 781 396 et
799 355 935 396 Clinia
957 356 1091 407 patris
1115 355 1271 396 duritia
1294 355 1415 406 pulso
1439 356 1569 397 verba
1591 356 1703 398 facit.
1737 356 1872 409 Quam

327 428 379 468 ob
412 437 501 467 rem
535 430 795 477 quantopere
828 425 1109 477 obstupescit,
1150 437 1256 477 cum,
1301 425 1455 466 nedum
1488 425 1620 476 ipsius
1654 427 1873 468 consilium

329 495 531 548 perficere
554 496 702 548 possit,
726 508 750 536 a
773 508 875 537 sene
897 496 990 547 ipso
1011 495 1176 537 technis
1199 494 1385 537 fallendo
1411 495 1666 549 impellatur,
1691 501 1735 537 ut
1763 496 1876 538 hunc

326 567 643 608 adulescentem
683 566 776 607 dolo
808 567 851 607 in
884 570 1049 618 patrem
1081 565 1283 607 struendo
1322 566 1504 608 adiuvet.
1568 566 1649 608 Sed
1690 579 1783 608 cum
1815 567 1875 607 in-

325 637 540 679 tellexerit
571 637 742 678 minime
774 637 863 677 ioco
895 648 1041 678 senem
1072 635 1177 677 haec
1209 638 1342 678 verba
1373 636 1528 679 fecisse
1550 635 1650 690 (541
1676 636 1795 690 sqq),
1825 649 1876 678 se

324 707 534 749 voluntati
557 707 647 748 eius
670 708 968 748 obsecuturum
991 718 1085 748 esse
1107 707 1390 748 libentissime
1413 707 1636 758 pollicetur
1658 707 1756 758 <1547
1771 710 1875 759 sqq.)

325 790 401 830 spe
441 777 612 819 inflatus
651 789 697 818 se
736 788 846 817 nunc
879 788 928 818 eo
962 777 1176 829 impunius
1209 781 1434 830 argentum
1466 763 1698 830 Clitiphoni
1730 790 1876 820 neces·

325 849 484 890 sarium
516 848 768 898 adepturum
801 858 896 889 esse
929 846 1028 897 (559
1062 852 1177 899 sqq.).

444 918 506 960 Sc.
540 917 607 958 111
639 916 915 971 (oea—613).
978 917 1061 960 Sed
1093 918 1309 970 Chremes,
1343 919 1413 970 qui
1445 919 1565 960 modo
1598 919 1714 971 abiit,
1748 919 1877 960 omni-

325 992 403 1031 bus
434 988 753 1040 inopinantibus
792 1000 886 1030 cum
918 988 1003 1029 filio
1036 988 1147 1030 redit
1162 989 1205 1041 1),
1246 1002 1370 1040 quem
1403 989 1509 1040 quod
1547 990 1708 1032 Cliniae
1741 989 1877 1031 amica

323 1060 449 1102 nimis
489 1059 759 1101 familiariter
789 1071 890 1100 usus
922 1059 990 1112 sit,
1029 1063 1117 1101 tani
1151 1060 1428 1101 vehementer
1460 1060 1666 1112 increpat,
1707 1065 1751 1101 ut
1783 1060 1875 1101 fieri

323 1143 406 1172 non
448 1130 602 1182 possit,
648 1129 747 1181 quin
791 1128 924 1182 Syrus
978 1141 1074 1171 eum
1116 1130 1199 1171 iam
1242 1131 1380 1172 omnia
1424 1131 1693 1182 perspexisse
1744 1135 1875 1182 putet.

327 1201 423 1242 Mox
455 1212 556 1242 vero
589 1212 685 1242 eum
713 1199 972 1242 Bacchidem
1004 1200 1080 1241 filii
1113 1213 1209 1242 esse
1241 1201 1419 1242 amicam
1451 1201 1616 1243 nescire
1647 1201 1876 1254 cognoscit.

323 1273 474 1322 Itaque
507 1283 560 1312 ne
584 1270 838 1322 Clitiphonis
871 1271 1159 1323 imprudentIa
1192 1284 1337 1313 rursus
1370 1272 1412 1313 in
1445 1276 1611 1313 tantum
1643 1272 1876 1323 periculum

323 1342 481 1395 veniat,
516 1342 661 1383 statim
693 1341 807 1383 senis
837 1341 972 1392 ipsius
993 1342 1138 1395 verba,
1173 1342 1241 1393 qui
1271 1342 1402 1383 filium
1425 1346 1577 1391 monet,
1610 1346 1656 1383 ut
1684 1347 1899 1384 amantes

322 1413 419 1454 illos
444 1413 554 1454 solos
581 1412 795 1463 relinquat
817 1411 916 1462 (572
940 1412 1058 1466 sqq.)‚
1082 1413 1316 1465 prudenter
1338 1413 1502 1465 arripit,
1535 1425 1628 1454 cum
1652 1413 1691 1455 ei
1713 1412 1876 1465 suadet,

323 1489 370 1525 ut
401 1483 532 1524 filium
566 1483 826 1525 ambulatum
859 1484 1014 1536 mittat,
1048 1496 1129 1535 qua
1162 1496 1207 1526 re
1239 1484 1352 1525 facta
1385 1496 1431 1526 se
1464 1484 1569 1526 satis
1592 1488 1683 1525 tuto
1706 1483 1876 1526 tandem

324 1557 548 1606 argentum
566 1554 705 1606 ipsum
727 1566 972 1605 comparare
995 1566 1120 1606 posse
1144 1558 1300 1606 sperat.
1322 1554 1472 1605 Itaque
1490 1567 1583 1597 cum
1604 1553 1878 1596 adulescente

325 1625 445 1678 pulso
485 1637 509 1666 a
547 1636 649 1666 sene
687 1625 987 1677 interrogetur,
1023 1625 1293 1667 inveneritne
1325 1625 1409 1666 iam
1449 1625 1671 1667 consilium
1710 1624 1876 1676 aliquod

324 1696 366 1737 in
400 1695 582 1737 vicinum
618 1695 881 1748 struendum,
915 1708 960 1737 se
982 1697 1142 1738 habere
1166 1696 1375 1747 quoddam
1398 1696 1570 1738 minime
1592 1700 1724 1749 negat
1746 1694 1877 1749 (597).

324 1766 408 1808 Sed
441 1779 487 1808 se
516 1767 576 1807 ita
599 1766 957 1808 machinationem
980 1779 1100 1808 suam
1123 1771 1418 1808 enarraturum
1442 1779 1537 1809 esse
1560 1766 1712 1809 callide
1734 1766 1877 1818 adicit,

327 1843 400 1890 „ut
439 1837 552 1879 aliud
592 1849 645 1878 ex
683 1837 765 1879 alio
803 1838 1001 1880 inciderit
1034 1836 1195 1891 (598)“,
1237 1837 1387 1889 quibus
1426 1838 1570 1880 verbis
1609 1837 1712 1890 agit,
1752 1841 1798 1878 ut
1834 1836 1875 1877 id

323 1953 585 1986 intendendam
609 1964 689 1986 esse
715 1954 752 1985 in
780 1964 903 1986 senem
926 1954 1110 1986 fallaciam
1128 1954 1150 1986 i.
1171 1964 1200 1986 e.
1225 1954 1280 1986 die
1303 1954 1384 1985 List
1411 1954 1488 1986 scil.
1512 1964 1564 1995 ea,
1593 1964 1703 1996 quam
1726 1963 1879 1996 vespere

322 2012 489 2055 proximo
517 2017 656 2045 rectam
682 2017 718 2045 et
738 2017 858 2045 tutam
877 2012 1075 2055 appellavit
1094 2013 1201 2055 (327),
1231 2023 1305 2044 non
1324 2012 1404 2045 eine
1424 2012 1514 2052 List,
1534 2023 1627 2054 quae
1654 2012 1724 2044 sibi
1751 2011 1798 2043 sit
1823 2011 1876 2043 in-

324 2071 513 2105 venienda.
559 2072 653 2105 Sane
679 2071 805 2104 statim
824 2071 1018 2104 consilium
1044 2071 1147 2112 illud,
1174 2072 1272 2113 quod
1298 2072 1410 2104 habet
1435 2071 1472 2103 in
1490 2075 1673 2114 promptu,
1698 2070 1735 2102 in
1755 2081 1878 2103 senem

323 2130 514 2162 intendere
538 2130 678 2173 incipit,
708 2134 749 2163 ut
768 2130 801 2163 ei
818 2130 1011 2173 pecuniam
1033 2129 1176 2174 eripiat.
1211 2130 1282 2163 Sed
1300 2141 1345 2163 ne
1369 2130 1405 2162 id
1425 2130 1471 2163 ad
1488 2130 1598 2163 finem
1616 2129 1804 2173 perducat,
1832 2130 1877 2161 ab

322 2189 403 2231 ipso
426 2199 511 2221 sene
538 2189 747 2231 impeditur.

446 2248 473 2290 ¹)
500 2248 547 2280 Et
571 2248 627 2280 ira
653 2248 726 2289 illa,
755 2258 828 2290 qua
853 2248 1102 2280 infiammatus
1122 2249 1295 2281 Chremes
1322 2248 1438 2280 filium
1464 2259 1485 2280 a
1507 2247 1698 2280 meretrice
1717 2246 1877 2288 abducit,

326 2311 363 2339 et
388 2306 511 2338 verbis
538 2306 603 2348 eis,
631 2307 765 2349 quibus
793 2317 876 2339 eum
903 2317 948 2339 ex
974 2307 1175 2339 amantium
1194 2312 1396 2349 conspectu
1415 2306 1588 2339 decedere
1608 2306 1696 2338 dicit
1711 2311 1876 2348 opertere

323 2366 405 2405 (572
442 2367 556 2407 sqq),
585 2365 675 2398 satis
703 2365 881 2398 declarari
916 2376 1058 2406 censeo,
1091 2365 1189 2408 quod
1223 2366 1313 2397 haec
1346 2365 1538 2397 altercatio
1574 2364 1775 2397 domestica
1808 2364 1877 2395 sub

335 2429 588 2467 spectatorum
615 2425 743 2456 oculos
771 2424 963 2456 subicitur.
1015 2423 1156 2463 Quodsi
1183 2424 1265 2466 quis
1298 2435 1380 2456 cum
1407 2423 1613 2465 Legrandio
1646 2424 1669 2455 1.
1696 2434 1723 2455 s.
1750 2434 1783 2465 p.
1810 2423 1878 2454 353

325 2483 527 2526 vituperat,
555 2484 653 2526 quod
681 2484 893 2525 egrediendi
919 2494 1031 2516 causa
1057 2494 1131 2515 non
1157 2483 1340 2526 expressis
1358 2483 1481 2516 verbis
1507 2483 1701 2524 indicetur,
1728 2482 1877 2515 minime

325 2553 369 2574 ex
394 2543 465 2574 hoc
492 2543 573 2575 loco
600 2542 734 2575 inertia
768 2542 948 2584 quaedam
979 2548 1110 2584 poetae
1147 2542 1397 2583 cognoscitur.
1449 2542 1566 2574 Immo
1607 2552 1679 2573 usu
1710 2540 1877 2574 solemnii

324 2602 454 2642 fretus,
497 2611 570 2642 quo
606 2611 664 2633 res
704 2601 743 2633 in
776 2601 854 2633 vita
895 2601 1080 2633 cotidiana
1118 2601 1218 2633 intus
1258 2601 1439 2640 gerendae
1477 2600 1514 2632 in
1554 2600 1752 2632 comoediis
1792 2605 1877 2632 ante

324 2660 433 2692 aedes
461 2660 541 2692 fieri
563 2661 683 2692 solent
710 2660 769 2703 (cf.
788 2660 1048 2701 Lundstroem,
1076 2660 1221 2692 Aussen
1242 2660 1330 2692 oder
1347 2660 1489 2692 Innen‘?
1516 2659 1554 2691 in
1572 2659 1681 2691 Eran.
1700 2659 1728 2692 1.
1756 2659 1877 2701 (1896)

324 2730 359 2761 p.
388 2719 455 2750 106
482 2723 518 2751 et
545 2719 662 2751 Bethe
688 2719 710 2750 l.
738 2729 765 2751 S.
784 2730 819 2762 p.
840 2719 907 2751 100
934 2719 1017 2761 sq.)‚
1044 2718 1080 2751 id
1107 2718 1241 2760 omisit,
1269 2718 1368 2760 quod
1393 2717 1565 2750 facillime
1601 2728 1688 2750 sane
1721 2717 1876 2760 exempli

324 2776 446 2818 gratia
474 2777 526 2810 ita
546 2778 673 2820 paucis
702 2778 886 2819 attingere
904 2778 1037 2820 potuit,
1064 2783 1105 2809 ut
1129 2777 1360 2810 Chremetem
1379 2787 1416 2809 se
1436 2776 1612 2819 puduisse
1639 2776 1754 2809 filium
1775 2776 1876 2809 intus

326 2835 346 2868 i.
375 2846 405 2869 e.
436 2847 559 2869 coram
585 2836 831 2869 familiaribus
858 2836 1069 2879 vituperare
1096 2836 1277 2869 dicentem
1303 2836 1450 2868 faceret.
