2030 3266
937 272 1223 313 -34-

308 398 435 435 antea
459 392 717 445 Benfeyus¹)
751 391 942 434 defendit
974 392 1245 444 sententiam,
1279 391 1525 433 Terentium
1558 391 1697 442 ipsum
1727 390 1853 431 huius

308 464 478 506 fabulae
511 468 807 516 argumentum
838 463 881 504 in
913 463 1034 504 binos
1067 462 1157 505 dies
1190 461 1441 513 dispertisse
1483 472 1691 512 apparare
1723 460 1852 512 ducit,

308 546 387 585 quo
430 541 473 576 et
505 533 802 586 Venedigerus
843 533 869 574 l.
903 545 933 574 s.
966 546 1005 585 p.
1039 532 1120 573 131
1163 536 1206 574 et
1243 532 1471 574 Roetterus
1516 532 1543 572 1.
1575 543 1606 572 s.
1640 543 1677 582 p.
1712 530 1765 571 14
1810 536 1855 572 et

308 604 538 647 Nencinius
569 604 594 646 l.
627 616 659 645 s.
691 617 728 656 p.
763 603 816 643 73
850 615 910 654 sq.
942 615 1059 645 suam
1092 602 1328 644 doctrinam
1357 602 1595 643 confirmari
1618 606 1753 653 putat,
1787 602 1852 642 cui

307 675 512 727 Kampius
544 675 569 716 l.
603 687 633 716 s.
668 675 722 715 18
755 674 924 727 prandii
956 673 1133 716 alicuius
1166 685 1190 713 a
1211 672 1412 714 Terentio
1444 672 1590 714 omissi
1622 671 1851 723 vestigium

304 746 448 788 inesse
492 744 781 798 arbitratur2),
826 744 935 796 quod
979 755 1033 785 ne
1066 743 1335 793 Legrandius
1375 741 1587 795 quidem3)
1627 748 1725 793 apte
1757 754 1851 782 cum

306 816 450 857 fabula
481 816 739 858 Terentiana
777 813 1012 866 comparari
1042 825 1168 865 posse
1200 817 1367 865 censet,
1409 824 1457 854 eo
1501 812 1761 863 adducimur,
1806 816 1854 852 ut

303 886 524 939 exemplar
575 884 786 928 Graecum
830 897 854 925 a
894 884 1094 926 Terentio
1146 883 1337 935 graviter
1392 889 1598 924 mutatum
1651 882 1851 924 dicamus.

304 958 437 1000 Immo
470 958 735 999 Chremetem
769 955 880 1007 apud
910 954 1187 996 Menandrum
1218 954 1356 1005 ipsum
1389 965 1553 1005 quoque
1586 953 1851 995 meretricem

305 1032 592 1081 sumptuosam
625 1031 820 1078 questum
853 1037 948 1067 esse
980 1023 1209 1078 apparet4).

305 1137 458 1166 waren.“
504 1132 575 1165 Sed
592 1131 772 1164 Dziatzko
799 1129 943 1163 etiamsi
967 1129 1258 1162 demonstrasset
1278 1127 1452 1161 Terentio
1474 1132 1666 1170 tantopere
1684 1133 1850 1161 veterum

304 1193 555 1225 Romanorum
593 1189 900 1224 consuetudinem
938 1198 1149 1230 moremque
1187 1187 1348 1229 curanti,
1388 1192 1429 1219 ut
1468 1191 1619 1230 propter
1656 1187 1849 1230 prandium

302 1251 523 1284 inusitatum
549 1255 694 1283 tantum
728 1249 891 1281 laborem
916 1247 1065 1280 fabulae
1090 1247 1128 1279 in
1153 1246 1261 1279 binos
1293 1246 1370 1279 dies
1397 1245 1672 1279 distribuendae
1698 1246 1849 1288 subiret,

305 1309 500 1342 Bacchidis
525 1307 729 1341 meretricis
755 1306 1038 1350 procacissimae
1059 1306 1215 1348 Syrique
1242 1305 1339 1338 servi
1365 1305 1600 1338 audacissimi
1625 1310 1749 1349 partes
1775 1316 1849 1338 non

302 1370 402 1413 ipsas
429 1379 576 1411 quoque
603 1366 776 1400 delendas
802 1366 929 1408 fuisse,
962 1365 1146 1407 quomodo
1171 1364 1250 1397 fieri
1275 1363 1442 1408 potuisse
1467 1363 1574 1396 nobis
1600 1364 1849 1407 persuaderet,
1894 1359 1898 1362 ’

302 1433 345 1461 ut
370 1427 480 1460 huius
507 1427 655 1459 fabulae
681 1430 941 1468 argumentum
966 1430 1043 1457 tam
1069 1423 1286 1456 diuturnum
1311 1428 1396 1466 post
1421 1423 1617 1466 prandium
1643 1422 1849 1456 verisimili-

302 1491 380 1520 tate
415 1491 563 1519 servata
596 1485 722 1518 eodem
759 1485 816 1517 die
851 1484 962 1518 etiam
997 1483 1042 1516 ad
1075 1483 1184 1515 finem
1209 1483 1485 1526 perduceretur,
1518 1492 1600 1514 cum
1631 1483 1848 1525 praesertim

300 1557 383 1579 eam
420 1556 545 1578 mense
577 1544 773 1577 Decembri
805 1543 866 1585 agi
900 1553 974 1575 non
1007 1542 1245 1584 ignoremus?
1283 1542 1342 1574 Ita
1373 1545 1497 1574 autem
1530 1540 1713 1583 Terentio,
1740 1552 1848 1584 quem

301 1605 481 1647 reliquam
507 1604 671 1636 fabulam
697 1603 880 1644 integram
905 1601 1100 1644 reliquisse
1125 1600 1378 1643 cognovimus,
1412 1610 1487 1632 non
1512 1599 1631 1632 solum
1657 1610 1719 1632 eos
1744 1601 1847 1632 locos

302 1664 465 1697 tribuere
496 1673 723 1704 cogeremur,
757 1661 892 1704 quibus
917 1671 1110 1704 vesperum
1146 1659 1442 1704 appropinquare
1474 1659 1660 1701 solemque
1688 1659 1775 1691 oriri
1801 1659 1847 1691 si—

300 1723 499 1765 gnificatur
518 1723 601 1764 (168
620 1732 710 1763 sqq.,
731 1721 811 1763 212,
830 1721 909 1762 248,
927 1721 1008 1762 410,
1025 1720 1122 1762 461),
1149 1719 1213 1752 sed
1232 1719 1343 1751 etiam
1369 1717 1559 1760 egregium
1583 1717 1688 1750 illum
1713 1719 1846 1759 locum,

302 1793 375 1824 quo
402 1782 574 1814 Chremes
593 1791 630 1813 se
649 1784 767 1812 totam
784 1790 850 1823 per
868 1784 1015 1812 noctem
1033 1789 1203 1811 somnum
1222 1777 1361 1821 cepisse
1380 1783 1490 1818 negat
1509 1777 1591 1820 (491
1613 1778 1692 1819 sq.)‚
1712 1777 1846 1810 nedum

302 1846 387 1874 actu
425 1841 485 1873 111
518 1840 669 1872 ineunte
707 1838 946 1872 Menedemus
979 1837 1077 1880 apud
1109 1837 1354 1870 Menandrum
1388 1837 1496 1869 domo
1536 1835 1634 1868 exire
1671 1836 1845 1878 potuerit,

301 1911 385 1932 cum
412 1910 494 1932 eum
521 1909 664 1941 semper
689 1898 727 1930 in
754 1908 843 1940 agro
862 1898 1030 1930 laborare
1050 1896 1328 1939 comperiamus,
1370 1895 1577 1928 Plurimum
1595 1899 1720 1927 autem
1737 1896 1845 1935 valet,

303 1959 401 2001 quod
419 1969 464 1991 ne
479 1959 658 1991 Dziatzko
679 1957 825 2000 quidem
840 1955 1108 1989 demonstravit
1126 1955 1224 1997 apud
1238 1955 1399 1988 Graecos
1415 1964 1577 1996 unquam
1592 1964 1675 1986 cum
1691 1953 1846 1997 prandio

301 2019 374 2050 tale
410 2017 619 2050 convivium
653 2017 768 2049 fuisse
803 2016 1054 2057 coniunctum,
1090 2015 1199 2056 quale
1233 2014 1271 2046 in
1305 2014 1432 2046 fabula
1465 2012 1688 2045 Terentiana
1718 2012 1845 2045 multis

301 2076 466 2110 convivis
493 2075 679 2108 arcessitis
707 2075 840 2117 agitur.

443 2136 470 2177 ¹)
496 2135 532 2167 in
559 2136 640 2167 Ter.
667 2135 765 2167 fabb.
792 2135 962 2167 translat.
989 2138 1085 2166 teste
1110 2132 1289 2165 Nencinio
1316 2143 1350 2175 p.
1379 2131 1432 2163 73.

443 2195 471 2236 2)
499 2195 730 2235 Quamquam
756 2194 794 2225 in
819 2204 929 2235 quam
955 2192 1104 2225 fabulae
1124 2196 1265 2235 partem
1285 2190 1481 2234 prandium
1499 2190 1591 2222 illud
1609 2189 1844 2222 inserendum

301 2254 350 2286 sit
375 2264 448 2286 non
475 2253 592 2287 affert.

443 2313 469 2355 ³)
497 2313 519 2344 l.
547 2323 573 2343 s.
602 2323 635 2354 p.
662 2311 730 2343 354
757 2322 814 2343 an.
841 2311 878 2342 2:
909 2310 982 2352 „En
1001 2309 1216 2352 particulier
1235 2309 1260 2341 il
1278 2313 1334 2341 est
1351 2308 1499 2340 difficile
1519 2308 1728 2340 d'accorder
1756 2318 1843 2340 avec

300 2373 333 2404 le
365 2372 450 2414 plan
484 2371 527 2403 de
558 2372 594 2403 la
625 2370 725 2412 piece
757 2369 871 2402 latine
903 2370 937 2401 le
968 2369 1155 2410 fragment
1189 2368 1231 2400 de
1265 2367 1300 2399 la
1332 2367 1432 2409 piece
1465 2377 1636 2409 grecque,
1664 2367 1710 2400 οὺ
1735 2366 1761 2398 il
1787 2371 1844 2398 est

300 2430 471 2473 question
497 2430 583 2462 d'un
610 2428 815 2472 dejeuner.“

440 2489 469 2531 ⁴¹)
506 2489 586 2521 Iam
623 2488 825 2521 frustulum
868 2486 1090 2528 relinquitur
1136 2487 1218 2528 (147
1256 2485 1307 2528 Κ)
1358 2482 1480 2518 Ταῦτά
1518 2497 1574 2517 σοι
1613 2485 1672 2517 καὶ
1712 2481 1841 2518 Πύθια

299 2550 359 2582 καὶ
379 2546 502 2593 Δήλια,
523 2547 621 2589 quod
641 2546 877 2590 proverbium
897 2545 1105 2587 Terentius,
1125 2545 1187 2587 qui
1205 2555 1306 2577 more
1325 2544 1390 2576 illo
1411 2548 1605 2586 poetarum
1622 2543 1841 2575 Latinorum

299 2608 389 2640 satis
416 2611 504 2639 noto
531 2606 673 2648 reliqua
700 2616 847 2648 quoque
879 2605 1089 2646 fragmenta
1114 2602 1395 2647 proverbialiter
1421 2602 1519 2635 dicta
1545 2602 1590 2634 ad
1615 2605 1736 2635 totum
1760 2612 1841 2634 ver-

300 2668 430 2699 borum
461 2676 595 2699 nexum
628 2664 819 2707 adaptavit
844 2664 905 2707 (cf.
929 2674 988 2706 pp.
1015 2664 1037 2695 8
1064 2674 1120 2697 an.
1151 2665 1184 2705 13
1216 2664 1258 2694 14
1285 2673 1341 2694 an.
1372 2663 1407 2704 13
1431 2662 1473 2693 15
1501 2672 1544 2693 an
1572 2661 1620 2704 2),
1647 2665 1689 2693 ut
1715 2672 1736 2693 a
1761 2671 1840 2703 spe-

299 2731 484 2758 ctatorum
509 2724 658 2766 ingenio
686 2723 846 2756 alienum
871 2722 951 2756 iure
977 2722 1113 2756 omisit.

440 2785 493 2816 De
517 2783 670 2826 reliquis
694 2782 924 2824 fragmentis,
952 2792 1046 2823 quae
1075 2792 1095 2813 a
1121 2780 1210 2813 viris
1230 2779 1348 2812 doctis
1370 2779 1414 2812 ad
1440 2780 1539 2811 hunc
1562 2779 1666 2811 illum
1693 2779 1840 2811 fabulae

299 2844 422 2875 locum
457 2843 662 2875 afferuntur
691 2842 753 2884 (cf.
779 2840 935 2874 Nencini
961 2852 996 2884 p.
1024 2841 1066 2872 75
1094 2840 1174 2882 sq.)‚
1201 2840 1314 2872 verba
1338 2839 1458 2871 facere
1487 2838 1725 2880 supersedere
1756 2848 1839 2880 pos-

299 2912 438 2942 sumus,
478 2913 559 2933 cum
598 2912 641 2933 ex
668 2900 720 2933 eis
747 2900 798 2932 nil
825 2899 918 2932 firmi
945 2899 1109 2941 certique
1136 2903 1321 2941 appareat.
1371 2898 1427 2930 An
1456 2897 1649 2940 quisquam
1676 2896 1713 2928 id
1743 2907 1838 2929 com-
