2030 3266
813 295 1106 335 -25-

184 428 239 457 ne
283 427 415 457 senex
457 414 643 467 faciatl),
686 426 781 456 eum
824 425 927 454 sane
970 413 1022 454 ad
1068 412 1289 463 pecuniam
1327 412 1507 454 dandam
1540 411 1731 463 impellit.

181 485 294 537 Quin
335 485 464 527 etiam
507 487 560 527 ab
605 496 654 527 eo
691 484 904 536 impetrat,
949 487 995 524 ut
1027 483 1210 534 Clitipho
1248 483 1340 534 ipse
1379 484 1487 524 hanc
1526 494 1730 524 summam

182 556 236 597 ad
268 556 535 599 meretricem
567 555 746 606 deferat,
780 554 902 606 quod,
936 559 984 595 ut
1015 554 1355 606 petulantissime
1387 553 1529 605 adicit,
1562 554 1604 594 in
1637 565 1730 595 eum

180 627 338 668 amoris
370 626 553 678 suspicio
586 625 728 668 delata
759 625 816 667 sit
847 623 979 679 (800).

153 709 171 717 ‘
302 709 367 751 Sc.
398 708 444 750 II
481 706 758 761 (eoo—828).
825 706 1193 760 Opportunissime
1236 706 1366 758 igitur
1405 706 1578 753 accidit,
1622 705 1729 757 quod

184 779 305 821 modo
329 779 513 831 Clitipho
544 778 639 831 ipse
671 791 696 820 a
727 778 1070 821 deambulatione
1101 777 1175 818 illa
1195 776 1435 819 revertitur.
1487 777 1565 829 Qui
1591 789 1731 828 quam-

182 862 306 901 quam
350 862 461 891 nunc
499 850 627 892 etiam
665 849 1042 892 vehementissime
1083 847 1294 900 irascitur,
1337 848 1445 898 quod
1492 860 1537 889 se
1581 859 1729 889 servus

182 921 236 961 ab
278 921 413 962 amica
455 919 709 972 extruserit,
752 924 896 963 tamen
942 921 1068 962 rebus
1116 930 1289 971 prorsus
1332 918 1416 960 iam
1462 918 1730 960 commutatis

183 990 384 1033 facillime
415 991 726 1033 reconciliatur.

302 1074 366 1115 Sc.
399 1074 464 1115 III
496 1072 774 1128 (sae—841).
838 1073 920 1115 Sed
960 1072 1072 1114 redit
1105 1072 1308 1114 Chremes
1341 1083 1434 1113 cum
1468 1071 1614 1112 decem
1646 1071 1730 1112 illis

185 1145 322 1193 minis,
357 1145 508 1197 quibus
540 1145 700 1188 inscius
733 1144 1035 1197 emungitur‘2);
1075 1144 1226 1195 quibus
1258 1143 1445 1194 acceptis
1478 1142 1606 1191 Syrus
1639 1153 1729 1183 cum

183 1215 437 1268 Clitiphone‚
472 1216 543 1267 qui
573 1216 670 1267 quid
703 1215 785 1257 sibi
816 1215 902 1267 fiat,
936 1215 1008 1256 vix
1039 1213 1267 1267 intellegit,
1300 1213 1542 1255 Menedemi
1565 1213 1728 1254 domum

182 1285 372 1328 festinat.
435 1286 575 1329 Senex
618 1291 758 1328 autem
801 1285 898 1326 dum
943 1298 1087 1327 eorum
1128 1284 1312 1326 reditum
1354 1288 1593 1335 exspectat.
1638 1295 1730 1325 cum

184 1357 453 1410 aegritudine
494 1358 674 1409 quadam
707 1369 849 1399 secum
882 1360 1065 1408 reputat,
1106 1355 1253 1407 quanti
1285 1355 1373 1396 filia
1404 1353 1524 1395 modo
1557 1354 1730 1396 inventa

328 1522 353 1564 1)
380 1522 513 1562 Syrum
549 1520 697 1553 minime
737 1521 805 1554 sibi
834 1518 1065 1564 persuasisse
1092 1518 1285 1562 pecuniam
1315 1518 1415 1550 illan]
1453 1528 1491 1550 se
1521 1522 1596 1549 tam
1626 1516 1732 1549 facile

185 1591 206 1612 a
242 1580 434 1613 Chremete
468 1585 706 1622 accepturum
733 1590 813 1612 esse
847 1590 956 1622 quam
992 1578 1136 1621 accipit,
1172 1589 1216 1610 ex
1253 1576 1450 1620 prudentia
1484 1575 1731 1617 cognoscitur,

184 1650 259 1681 qua
273 1650 399 1672 omnes
419 1640 614 1682 scrupulos
635 1638 714 1671 seni
734 1638 891 1671 eximere
911 1638 1047 1671 studet.
1088 1637 1225 1679 Jtaque
1244 1635 1590 1669 Herrmanowskius
1609 1636 1631 1668 l.
1650 1645 1678 1668 S.
1696 1646 1730 1677 p.

185 1699 229 1730 28
254 1698 390 1730 iniuria
414 1697 662 1741 reprehendit,
689 1698 788 1739 quod
815 1698 931 1738 Syrus
957 1697 995 1729 in
1020 1707 1117 1729 novo
1145 1695 1298 1728 consilio
1326 1694 1503 1737 capiendo
1529 1694 1611 1735 (674
1637 1694 1732 1735 sqq.)

184 1757 236 1790 ita
267 1768 306 1790 se
331 1762 448 1797 gerat,
483 1756 590 1798 quasi
614 1767 673 1789 res
700 1756 919 1789 difficillima
945 1755 977 1788 ei
1004 1755 1053 1788 sit
1080 1754 1310 1797 perficienda.
1356 1754 1458 1786 Idem
1484 1753 1521 1785 in
1548 1752 1731 1794 Legrandi

184 1817 206 1848 l.
241 1827 269 1848 s.
303 1827 336 1859 p.
368 1817 436 1848 352
470 1815 568 1848 cadit
599 1815 831 1857 sententiam,
865 1815 927 1857 qui
960 1814 1198 1847 verisimilius
1230 1814 1308 1845 fore
1341 1812 1438 1853 dicit,
1479 1812 1510 1844 si
1541 1811 1732 1854 Antiphila

185 1875 313 1917 agnita
332 1875 452 1908 Clinia
465 1874 687 1907 Bacchidem
707 1874 859 1907 amicam
880 1886 901 1906 a
919 1885 957 1906 se
974 1873 1048 1906 iam
1066 1872 1202 1906 dimitti
1222 1872 1424 1910 simularet,
1445 1871 1498 1903 ita
1518 1876 1559 1902 ut
1576 1870 1731 1912 pecunia

186 1940 399 1977 comparata
431 1934 591 1976 Clitipho
626 1945 669 1967 ea
702 1944 813 1976 porro
848 1944 892 1966 ex
927 1932 1048 1965 animo
1082 1932 1277 1965 frueretur.
1334 1931 1418 1962 Huc
1450 1929 1600 1970 accedit,
1633 1929 1731 1971 quod

187 1993 303 2034 Syrus
334 1993 529 2035 pecuniam
562 1992 738 2026 Bacchidi
763 1992 982 2035 promissam
1010 1991 1089 2023 seni
1114 1991 1167 2023 ita
1192 1995 1338 2023 tantuin
1364 1988 1504 2032 eripere
1529 1994 1663 2031 potest,
1690 1992 1732 2020 ut

185 2062 266 2083 eam
294 2051 433 2084 Cliniae
460 2063 539 2084 esse
566 2051 721 2085 amicam
748 2063 846 2084 nune
872 2050 983 2083 etiam
1010 2050 1170 2082 simulet.
1222 2049 1395 2081 Chremes
1423 2048 1519 2080 enim
1537 2046 1730 2079 consilium

186 2110 336 2152 aliquod
362 2121 406 2143 ex
431 2121 474 2142 eo
502 2111 657 2153 quaerit,
679 2121 752 2153 quo
771 2110 890 2142 Clinia
910 2121 930 2142 a
949 2114 1054 2152 patre
1073 2114 1268 2149 argentum
1289 2107 1446 2150 accipiat
1464 2107 1510 2139 ad
1528 2105 1730 2138 meretricis

187 2174 356 2212 sumptus
390 2169 626 2202 sustinendos
658 2169 918 2202 necessarium.
969 2168 1040 2201 Sed
1071 2167 1131 2200 via
1163 2167 1196 2200 ei
1222 2166 1401 2209 displicet,
1429 2177 1501 2208 qua
1527 2176 1656 2197 servus
1682 2164 1727 2196 ad

186 2228 295 2260 finem
320 2228 511 2270 pervenire
538 2228 673 2261 studet.
725 2227 796 2268 Qui
822 2239 906 2260 cum
931 2238 970 2260 se
996 2226 1105 2260 aliam
1131 2226 1228 2258 viam
1255 2236 1334 2258 esse
1354 2225 1609 2267 quaesiturum
1626 2223 1731 2266 polli-

187 2286 283 2319 citus
311 2287 369 2328 sit,
405 2287 553 2319 interim
572 2286 749 2320 Bacchidi
772 2287 809 2319 id
835 2291 1030 2328 argentum
1054 2285 1133 2318 dari
1156 2295 1276 2328 posse,
1296 2284 1393 2327 quod
1413 2283 1605 2326 Antiphila
1624 2282 1730 2314 modo

185 2345 313 2387 agnita
339 2346 371 2378 ei
397 2346 538 2388 debeat,
566 2346 656 2378 satis
683 2346 813 2378 callide
840 2345 962 2387 adicit,
989 2345 1042 2378 ita
1067 2349 1110 2376 ut
1135 2344 1214 2377 seni
1240 2343 1389 2376 omnino
1417 2343 1454 2375 in
1481 2348 1639 2375 mentem
1658 2351 1730 2373 non

185 2404 310 2437 veniat
334 2405 429 2437 hanc
456 2416 635 2437 summam
660 2416 726 2448 per
757 2405 924 2437 fraudem
956 2404 1027 2437 sibi
1053 2403 1156 2446 eripi.
1207 2404 1279 2436 Sed
1305 2402 1336 2434 si
1364 2401 1483 2434 Clinia
1510 2400 1730 2433 Bacchidem

185 2462 396 2505 dimisisset,
446 2474 557 2496 senex
609 2465 678 2496 hac
722 2463 914 2496 arrabonis
958 2462 1170 2496 narratione
1218 2472 1304 2494 sane
1349 2461 1625 2503 obstupefieret‚
1679 2464 1730 2499 ut,

185 2522 402 2564 priusquam
434 2523 558 2555 decem
596 2523 679 2555 illas
710 2522 829 2555 minas
862 2523 1039 2563 solveret,
1079 2533 1162 2554 cum
1200 2521 1276 2553 filia
1314 2520 1396 2563 ipsa
1434 2520 1476 2551 de
1522 2519 1578 2550 his
1620 2519 1730 2550 rebus

185 2582 470 2623 colloqueretur.
519 2582 657 2623 Jtaque
683 2581 930 2623 Legrandium
955 2591 1031 2613 non
1056 2581 1192 2613 habere
1219 2583 1381 2623 apparet,
1409 2578 1508 2621 quod
1534 2578 1603 2609 hac
1629 2577 1666 2609 in
1692 2587 1730 2608 re

185 2639 335 2672 fabulae
361 2645 587 2673 structuram
612 2640 868 2683 reprehendat.

328 2710 354 2753 2)
381 2710 556 2743 Similiter
581 2715 618 2743 et
643 2710 849 2743 Nicobulus
877 2711 1009 2742 Bacch.
1038 2710 1128 2742 1059
1155 2709 1333 2750 Chrysalo
1359 2708 1436 2750 ipse
1456 2707 1649 2750 pecuniam
1668 2708 1730 2739 dat

186 2768 259 2801 sibi
291 2779 356 2811 per
390 2769 556 2802 fraudem
591 2774 754 2812 ereptam
789 2774 825 2802 et
850 2768 1155 2811 Pyrgopolinices
1188 2767 1226 2799 in
1251 2767 1329 2799 Mil.
1366 2767 1466 2799 Glor.
1494 2766 1594 2798 exitu
1621 2776 1730 2808 quarn

186 2827 382 2860 maximam
416 2836 565 2870 operam
596 2829 669 2869 dat,
709 2833 750 2861 ut
784 2826 1083 2860 Philocomasion
1116 2826 1305 2866 Pleusicli‚
1340 2825 1402 2867 qui
1444 2835 1525 2857 eam
1556 2830 1730 2867 rapturus

187 2886 299 2929 venit,
326 2886 404 2929 ipse
430 2887 553 2920 tradat
577 2887 636 2929 (cf.
663 2887 748 2929 Leo,
777 2887 927 2926 Quaest.
954 2886 1075 2919 Plaut.
1102 2896 1136 2928 p.
1167 2885 1258 2927 162).
