2030 3266
798 305 1089 346 ,37-

295 425 456 478 Quibus
500 436 551 466 ex
598 423 742 466 verbis
782 423 880 475 quid
921 422 1164 475 Terentius,
1218 434 1312 464 cum
1349 422 1461 463 hunc
1498 421 1719 473 scripserit

174 508 357 548 versum,
390 496 433 536 in
456 495 594 536 animo
616 494 826 546 habuerit,
860 494 966 536 satis
988 494 1268 547 cognoscitur.
1309 492 1583 534 Adversariis
1606 492 1718 533 enim

174 566 303 608 obicit
340 566 449 607 hanc
488 565 673 606 fabulam
712 577 794 606 non
833 564 941 606 sicut
980 564 1184 606 Andriam
1222 563 1537 616 reprehendere
1574 563 1717 615 licere,

174 649 266 679 cum
300 636 584 678 contaminata
616 647 698 676 non
740 635 809 687 sit,
852 639 1138 687 spectatorum
1178 634 1332 676 blande
1373 638 1416 675 et
1454 634 1560 675 scite
1592 634 1719 674 119119-

175 708 402 749 volentiam
420 709 576 758 captat,
597 718 690 747 cum
706 706 766 747 eis
785 705 888 746 dicit
903 705 1013 747 hanc
1035 705 1306 757 comoediam,
1330 706 1412 747 etsi
1434 704 1720 746 contaminata

175 789 254 819 non
290 777 359 830 sit,
392 781 533 818 tamen
567 776 724 828 duplici
747 776 913 818 actione
936 777 1142 818 contineri
1169 775 1357 829 (Hecyra
1379 775 1491 817 enim
1514 774 1718 826 simplicis

174 848 351 889 actionis
383 847 528 890 fabula
560 847 721 888 duobus
754 847 876 888 annis
909 851 1008 889 ante
1040 859 1123 889 non
1157 847 1352 897 steterat)
1385 846 1409 887 i.
1443 858 1477 888 e.
1510 858 1603 888 eam
1635 856 1718 886 non

176 918 314 959 minus
354 918 405 959 ad
447 917 743 960 delectandum
777 929 873 959 esse
905 922 1045 969 aptam
1080 930 1203 969 quam
1236 910 1455 968 Andriam,
1488 928 1581 957 cum
1614 916 1719 957 satis

176 990 321 1030 variae
359 989 511 1030 turbae
550 989 589 1031 ei
626 988 769 1030 iusint.
833 987 915 1029 Sed
956 1000 1047 1029 curn
1086 989 1164 1029 hoc
1202 1000 1330 1029 versu
1369 988 1481 1029 facto
1525 986 1642 1038 quasi
1675 986 1719 1027 in

175 1066 266 1101 tuto
298 1066 509 1112 versetur,
548 1059 631 1100 iam
669 1059 710 1100 in
745 1071 793 1101 eo
836 1070 931 1100 esse
965 1064 1097 1111 putat,
1131 1064 1177 1100 ut
1207 1058 1380 1100 tandem
1413 1057 1511 1109 quid
1543 1058 1636 1108 ipse
1669 1056 1721 1098 de

175 1130 500 1172 contaminando
523 1130 695 1181 sentiat,
723 1141 814 1170 911111
840 1130 1151 1181 spectatoribus
1184 1129 1473 1170 communicet.
1530 1128 1722 1179 ingenue

175 1201 287 1242 enim
320 1200 540 1252 profitetur
572 1199 780 1253 (lv-21)
813 1199 985 1241 minime
1019 1200 1419 1242 contaminationem
1457 1199 1538 1240 sibi
1570 1199 1720 1239 vitium

176 1271 313 1314 wideri
330 1283 469 1322 neque
492 1284 537 1314 se
554 1271 788 1313 veriturum
807 1282 903 1312 esse
922 1271 1050 1312 etiam
1067 1275 1214 1320 postea
1232 1270 1397 1313 fabulas
1418 1269 1719 1321 contaminare,

177 1355 351 1393 quorum
369 1354 421 1384 ex
439 1343 663 1384 verborum
680 1342 794 1383 nullo
812 1354 915 1383 sane
933 1342 1073 1394 colligi
1093 1346 1233 1393 potest
1254 1354 1304 1383 ea
1326 1341 1377 1382 ad
1400 1342 1512 1382 113119.
1535 1340 1721 1381 fabulam

177 1413 485 1454 defendendam
518 1416 724 1464 spectare.
777 1412 893 1465 Quae
926 1424 1019 1453 cum
1051 1413 1110 1453 ita
1144 1412 1228 1454 sint
1256 1412 1398 1453 versui
1430 1418 1563 1462 sexto,
1598 1422 1720 1462 quem

177 1484 373 1537 Meyerus
406 1484 574 1534 quidem
601 1497 624 1524 a
646 1489 931 1535 spectatorum
964 1483 1078 1525 nullo
1111 1483 1305 1535 intellegi
1336 1482 1525 1534 potuisse
1558 1488 1718 1533 censet,

175 1566 311 1605 neque
345 1554 566 1605 quicquam
598 1554 764 1596 obscuri
798 1554 923 1605 inest,
958 1566 1050 1596 cum
1084 1566 1136 1595 ex
1167 1554 1252 1594 illis
1275 1553 1616 1595 adversariorum
1642 1552 1720 1593 cri-

177 1625 475 1666 minationibus
523 1625 632 1666 tales
679 1625 995 1677 compositionis
1045 1624 1316 1675 quaestiones
1365 1631 1466 1665 tunc
1517 1622 1720 1674 temporis

176 1696 426 1746 saepissime
475 1708 570 1738 esse
617 1702 813 1737 versatas
862 1694 1113 1737 concludere
1156 1695 1295 1746 liceat,
1338 1707 1476 1745 neque
1518 1693 1721 1735 Skutscbi

176 1767 389 1807 sententia
408 1766 491 1807 ulla
515 1778 561 1808 re
578 1768 794 1817 probatur,
818 1767 887 1817 qui
909 1766 951 1807 111
975 1766 1335 1807 incontaminatae
1357 1765 1527 1806 fabulae
1549 1765 1722 1817 prolog-o

177 1848 223 1878 se
256 1850 280 1878 a
312 1837 683 1878 contaminationis
717 1837 893 1879 crimine
926 1836 1158 1879 defendere
1191 1836 1292 1877 nulli
1327 1836 1370 1876 in
1403 1840 1589 1877 mentem
1622 1846 1721 1876 ven-

176 1914 313 1948 turum
355 1919 450 1949 esse
489 1907 601 1949 dicit.
665 1907 756 1961 Qua
802 1907 854 1949 de
895 1920 940 1949 re
983 1908 1065 1948 iam
1101 1908 1220 1958 plura
1254 1906 1408 1948 afferre
1442 1905 1722 1958 supersedere

176 1989 413 2030 possumus,
455 1991 551 2020 cum
597 1978 886 2031 Skutschium,
933 1978 1003 2029 qui
1047 1978 1204 2020 nemini
1245 1990 1347 2019 sane
1387 1977 1599 2029 persuasit
1638 1975 1721 2017 nisi

179 2048 392 2101 K1·ollio¹)‚
418 2055 461 2090 et
485 2049 682 2101 Meyerus
706 2056 749 2090 et
771 2049 1050 2102 Schoellius'2)
1077 2058 1120 2090 et
1147 2048 1415 2101 Legrandius
1434 2055 1477 2089 et
1496 2046 1723 2088 Gaffiotius

179 2119 244 2170 (cf.
278 2132 314 2171 p.
348 2118 402 2157 36
435 2132 499 2160 an.
533 2120 575 2170 5)
608 2126 651 2161 91
684 2119 866 2162 Siessius
898 2126 1016 2162 recte
1047 2120 1405 2172 impugnaverint.

296 2192 442 2240 Itaque
481 2191 586 2232 nihil
625 2203 720 2232 esse
759 2195 951 2243 apparet,
994 2203 1068 2232 cur
1109 2203 1189 2232 non
1229 2197 1360 2231 totam
1395 2191 1503 2231 113119
1535 2189 1722 2230 fabulam

178 2261 300 2302 unius
335 2261 557 2302 Menandri
591 2261 765 2302 consilio
799 2262 1080 2303 attribuamus
1114 2273 1313 2312 moreque
1345 2273 1437 2302 93111
1470 2273 1493 2300 3
1522 2260 1723 2300 Τ91·911110

298 2425 326 2467 1)
359 2425 427 2457 Die
472 2425 941 2457 Altertumswissenschaft
984 2425 1033 2457 im
1077 2426 1213 2457 letzten
1259 2423 1643 2467 Vierteljahrhundert
1685 2422 1723 2454 in

177 2483 282 2517 Burs.
308 2485 387 2517 rell.
414 2485 485 2516 vol.
513 2484 670 2517 CXXIV
696 2484 817 2526 (1905)
843 2495 877 2526 p.
904 2484 959 2515 22.

296 2553 324 2597 2)
352 2554 450 2586 Mus.
489 2555 606 2586 Rhen.
646 2555 751 2587 LVII
785 2555 906 2596 (1902)
941 2566 974 2597 p.
1001 2555 1047 2586 48
1086 2565 1156 2596 sq.;
1196 2554 1355 2586 Schoelli
1389 2553 1504 2596 ipsius
1540 2551 1724 2584 sententia

181 2619 378 2655 propterea
404 2613 560 2646 maxime
587 2613 766 2656 displicet,
794 2615 893 2655 quod
910 2614 1122 2646 Terentium
1148 2614 1218 2645 hoc
1244 2624 1353 2645 versu
1379 2623 1450 2644 non
1479 2612 1520 2644 de
1548 2622 1625 2653 sua,
1660 2611 1723 2643 sed

179 2672 223 2704 de
260 2672 452 2704 Menandri
490 2673 617 2705 fabula
658 2672 832 2705 iudicium
874 2673 968 2705 ferre
1008 2678 1142 2705 censet.
1194 2671 1369 2705 Similiter
1403 2670 1605 2703 Schanzius
1638 2671 1660 2701 l.
1694 2680 1721 2701 s.

178 2741 213 2773 p.
235 2731 299 2763 147
324 2731 438 2763 verba
468 2731 589 2772 „facta
621 2733 698 2763 est“
726 2742 800 2763 non
834 2731 879 2763 ad
906 2731 1119 2763 Terentium
1146 2731 1238 2772 (scil.
1264 2732 1445 2763 translata
1472 2732 1554 2771 est),
1588 2729 1651 2761 sed
1678 2728 1723 2760 ad

179 2789 421 2821 Menandrum
447 2790 583 2822 referre
603 2790 759 2831 videtur,
788 2801 868 2822 cum
897 2790 1002 2823 dicit:
1031 2790 1121 2831 „Die
1149 2791 1262 2822 durch
1282 2790 1338 2821 die
1358 2789 1553 2821 Antithese
1572 2788 1721 2830 duplex-

180 2847 335 2889 simplex
353 2848 608 2890 zugespitzten
622 2849 753 2881 &Verte
774 2849 967 2889 bedeuten,
986 2849 1071 2881 dass
1091 2860 1156 2881 aus
1176 2849 1275 2881 einer
1295 2860 1340 2880 zu
1359 2848 1508 2881 Grunde
1530 2847 1722 2891 liegenden

179 2907 266 2939 Idee
293 2907 385 2938 doch
412 2906 733 2947 gewissermassen
760 2907 819 2940 ein
843 2908 1100 2950 verdoppeltes
1121 2908 1235 2940 Stuek
1261 2908 1613 2949 herausgewachsen
1638 2906 1721 2938 ist-⁴.
