2030 3266
820 266 1105 306 *Π-

194 387 308 428 solus
342 387 513 427 relictus
546 387 654 426 hanc
688 385 856 425 nimiam
881 386 970 426 cius
997 384 1333 427 benevolentiam
1358 383 1570 424 admirans
1593 384 1735 425 facere

193 469 274 499 non
317 463 472 509 potest,
515 456 614 507 quin
659 455 807 496 mirum
840 454 883 496 in
916 455 1083 497 modum
1115 453 1355 495 institutum
1391 465 1486 496 esse
1519 453 1645 506 dicat,
1690 458 1737 494 ut

192 528 384 570 homines
417 527 555 569 aliena
586 525 736 568 melius
768 525 943 567 videant
976 538 1100 576 quam
1133 536 1208 566 sua
1230 521 1332 577 (503
1356 523 1472 577 sqq).
1521 523 1604 566 Sed
1626 524 1738 566 redit

195 597 456 650 Chremes1)‚
499 601 545 638 ut
581 596 777 638 fallaciae
816 595 879 637 illi
917 595 1148 638 struendae
1187 606 1357 646 operam
1397 595 1483 647 det,
1523 607 1646 646 quam
1685 595 1737 635 ob

194 681 283 711 rem
316 667 609 709 Menedemum
642 667 809 708 domum
840 666 1032 708 remittit.

313 738 376 781 Sc.
402 738 448 779 II
470 737 745 791 (512-561).
768 737 892 779 Modo
918 742 1060 780 autem
1083 735 1216 789 Syrus
1244 737 1344 788 exit,
1370 740 1415 778 ut
1442 737 1608 779 tandem
1645 748 1739 778 con-

195 810 335 852 silium
356 809 473 862 illud,
498 808 606 860 quod
633 820 727 850 cum
749 808 1094 850 adulescentibus
1124 807 1433 850 communicare
1455 807 1588 849 noluit
1611 805 1739 861 (336),

196 880 241 922 in
265 880 533 923 Chremetem
550 878 792 930 intendat‘2).
818 879 1049 921 Pecuniam
1078 879 1190 921 enim
1207 877 1410 922 Bacchidi
1428 878 1611 920 dandam
1634 890 1740 920 com-

197 957 422 1002 paraturus
454 950 599 992 statim
629 950 720 991 eius
752 949 1090 992 benevolentiam
1116 953 1260 1001 captat
1291 948 1394 999 (522
1418 947 1538 1002 sqq),
1567 961 1660 990 cum
1689 948 1741 990 (le

198 1104 352 1136 alterum
385 1108 547 1135 actorem
579 1112 662 1134 cum
694 1102 810 1134 altero
844 1105 1081 1142 commutare,
1114 1105 1157 1132 ut
1188 1100 1289 1143 prior
1320 1111 1417 1132 nova
1450 1106 1552 1132 veste
1589 1099 1741 1133 indutus

199 1163 235 1194 in
268 1172 400 1195 scaena
431 1161 598 1204 proxima
629 1159 783 1193 alterius
816 1170 995 1203 personae
1038 1164 1164 1202 partes
1203 1163 1300 1200 agat.
1351 1159 1608 1192 Menedemum
1647 1159 1742 1192 enim

199 1233 230 1255 v.
266 1222 330 1254 167
364 1222 560 1253 abeuntem
592 1220 630 1252 in
662 1229 796 1252 scaena
827 1219 988 1251 secunda
1026 1218 1248 1261 Clitiphonis
1282 1223 1406 1261 partes
1433 1219 1617 1251 sustinere
1643 1217 1743 1259 dicit,

200 1281 297 1323 quod
315 1280 463 1323 quidem
481 1278 630 1324 probari
648 1282 784 1321 potest,
802 1277 874 1309 nisi
892 1277 988 1310 forte
1006 1278 1076 1310 hae
1098 1276 1320 1320 Clitiphonis
1338 1282 1461 1320 partes
1483 1276 1744 1318 tritagonistae

200 1345 288 1372 sunt
314 1339 543 1380 tribuendae,
568 1342 611 1370 ut
627 1336 898 1380 protagonista‚
926 1347 1034 1379 quem
1057 1336 1094 1368 in
1113 1347 1246 1369 scaena
1263 1336 1381 1378 prima
1396 1335 1602 1368 Menedemi
1620 1339 1744 1378 partes

200 1404 324 1431 tenere
345 1399 422 1431 veri
450 1397 676 1430 simillimum
702 1401 770 1438 est,
798 1395 927 1428 deinde
955 1394 1037 1436 Syri
1062 1394 1252 1437 suscipiat.
1303 1395 1373 1427 Sed
1400 1395 1429 1426 si
1464 1394 1610 1436 quidem
1628 1404 1745 1426 novae

200 1458 410 1490 comoediae
435 1461 566 1500 poetae
584 1457 669 1499 plus
695 1455 814 1487 tribus
841 1454 1030 1487 actoribus
1055 1454 1114 1486 usi
1140 1464 1214 1485 non
1241 1457 1338 1495 sunt,
1361 1453 1448 1495 quid
1466 1454 1556 1485 haee
1578 1456 1745 1485 actorum

201 1516 416 1549 distributio
444 1516 489 1548 ad
516 1515 721 1548 Chremetis
747 1514 926 1546 Phaniam
952 1513 1115 1545 vicinum
1141 1513 1187 1545 ad
1213 1523 1340 1545 cenam
1367 1512 1524 1545 ducendi
1550 1511 1745 1544 consilium

201 1576 469 1618 explicandum,
496 1586 568 1617 quo
595 1575 674 1607 solo
701 1573 903 1606 Nencinius
930 1572 1154 1605 offenditur?
1182 1571 1302 1612 Quid?
1329 1571 1429 1614 quod
1455 1571 1524 1602 hoc
1550 1572 1644 1611 loco,
1663 1580 1746 1602 cum

200 1640 286 1677 post
303 1646 450 1667 versum
467 1635 534 1667 497
550 1644 679 1666 versus
694 1633 823 1675 509s11
839 1643 922 1665 cum
937 1631 1126 1664 codicibus
1140 1630 1256 1674 ponit,
1271 1641 1381 1663 versu
1395 1630 1464 1662 500
1478 1629 1746 1669 Menedemum,

202 1694 265 1736 qui
283 1695 319 1727 in
348 1705 480 1726 scaena
505 1693 671 1736 proxima
689 1691 771 1734 Syri
788 1696 913 1734 partes
940 1696 1038 1732 agat,
1066 1691 1261 1723 abeuntem
1288 1689 1388 1730 facit,
1415 1694 1457 1721 ut
1483 1699 1612 1720 versus
1638 1689 1745 1730 50⁵2s7

203 1765 223 1786 a
248 1753 372 1786 nescio
400 1763 472 1795 quo
499 1758 623 1785 actore
652 1750 858 1784 Menedemi
886 1760 1043 1792 persona
1069 1753 1217 1792 arrepta
1236 1747 1499 1791 proferantur?
1519 1747 1624 1785 Nam,
1644 1751 1686 1779 ut
1704 1746 1747 1778 de

202 1813 313 1846 huius
340 1822 494 1845 scaenae
521 1811 621 1843 exitu
646 1820 799 1853 prorsus
825 1808 996 1841 mutilato
1023 1819 1098 1840 non
1124 1809 1331 1849 loquamur,
1359 1817 1451 1849 quos
1477 1817 1608 1838 versus
1635 1806 1747 1838 Bent-

202 1872 295 1905 leius
321 1872 359 1904 in
385 1882 493 1904 suum
520 1872 639 1903 locum
666 1869 809 1912 redegit
833 1872 1005 1909 recteque
1032 1867 1226 1909 disposuit.
1254 1866 1342 1908 quid
1369 1865 1492 1897 omnia
1518 1865 1607 1897 haec
1633 1865 1748 1896 verba

204 1932 249 1964 ad
275 1930 480 1963 Chremetis
512 1929 652 1962 abitum
686 1927 1012 1970 interpretandum,
1046 1937 1118 1968 quo
1145 1925 1347 1958 Nencinius
1381 1930 1416 1956 et
1442 1923 1665 1956 Skutschius
1692 1923 1744 1954 of-

204 1990 427 2023 fenduntur‘?

346 2050 371 2091 ¹)
396 2046 627 2090 Legrandius
653 2048 675 2078 1.
703 2057 730 2079 s.
757 2057 791 2088 p.
818 2046 897 2087 353,
931 2044 993 2087 qui
1026 2055 1089 2076 sex
1120 2054 1294 2076 versuum
1328 2041 1488 2084 spatium
1514 2041 1650 2083 (502s7)
1676 2051 1749 2072 non

207 2108 298 2141 satis
324 2118 405 2140 esse
432 2112 551 2149 putat,
577 2116 650 2148 quo
678 2105 852 2137 Chremes
878 2114 1028 2136 munere
1054 2103 1117 2134 illo
1145 2113 1183 2134 se
1209 2102 1350 2142 liberet,
1383 2106 1474 2142 quot
1498 2099 1646 2132 tandem
1672 2110 1750 2131 ver-

206 2178 313 2200 suum
340 2166 460 2209 spatio
487 2175 580 2208 opus
608 2164 666 2205 sit,
692 2163 754 2196 vix
779 2163 857 2206 ipse
884 2167 1034 2203 statuet,
1067 2172 1149 2193 cum
1175 2161 1218 2194 de
1243 2160 1420 2203 proximis
1448 2157 1579 2191 vicinis
1606 2162 1749 2199 agatur.

207 2228 288 2267 Quo
316 2225 467 2266 accedit,
497 2224 595 2266 quod
621 2223 687 2255 tali
713 2222 750 2254 in
775 2233 814 2254 re
839 2223 884 2254 ab
912 2220 1074 2263 antiquis
1092 2220 1212 2263 poetis
1231 2230 1393 2261 unquam
1418 2229 1541 2250 rerum
1559 2217 1751 2249 veritatem

206 2287 322 2329 ipsam
341 2289 513 2317 accurate
535 2292 745 2325 expressam
764 2292 843 2313 esse
864 2279 999 2313 nemini
1020 2278 1267 2322 persuadebit.
1294 2278 1389 2310 Nam
1408 2277 1563 2319 exempli
1581 2276 1701 2317 gratia
1716 2276 1751 2306 in

206 2344 385 2387 Adelphis
403 2342 536 2384 Hegio,
564 2341 626 2383 qui
652 2346 738 2383 post
762 2350 911 2372 versum
939 2339 1006 2370 506
1025 2339 1215 2370 Sostratae
1242 2339 1391 2369 domum
1418 2336 1505 2377 abit,
1534 2341 1575 2367 ut
1601 2346 1683 2367 cuin
1710 2345 1753 2366 ea

207 2405 452 2445 colloquatur,
479 2406 564 2444 post
581 2411 729 2432 versum
756 2401 824 2431 510
850 2398 956 2439 redit,
976 2405 1086 2440 atque
1112 2398 1149 2429 in
1174 2397 1353 2429 Eunucho
1382 2395 1541 2435 Gnatho,
1560 2394 1623 2437 qui
1643 2403 1753 2425 versu

207 2464 274 2495 283
301 2461 453 2494 Thaidis
480 2461 628 2492 domum
655 2458 874 2500 ingreditur,
902 2462 943 2489 ut
969 2457 1172 2499 puellulam
1199 2467 1219 2488 a
1243 2455 1361 2488 milite
1390 2455 1563 2486 donatam
1589 2452 1752 2488 inducat,

207 2522 267 2554 vix
284 2522 396 2553 trium
409 2526 495 2563 post
511 2529 682 2551 versuum
697 2517 858 2560 spatium
875 2516 980 2557 redit,
1001 2527 1084 2548 cum
1103 2515 1219 2548 dicat:
1247 2514 1389 2556 „Etiam
1409 2523 1506 2544 nunc
1526 2518 1566 2543 tu
1585 2510 1644 2543 hic
1662 2516 1752 2551 stas,

208 2580 434 2613 Parmeno?“
477 2579 620 2618 Quibus
655 2577 693 2608 in
727 2576 863 2608 fabulis
901 2586 946 2607 ne
979 2574 1210 2615 Legrandius
1246 2573 1393 2615 quidem
1429 2569 1588 2613 imperiti
1622 2574 1753 2612 poetae

209 2639 367 2681 vestigia
394 2649 473 2671 esse
500 2642 627 2680 aperta
653 2635 828 2676 censebit,
856 2645 949 2675 quae
975 2634 1012 2666 in
1038 2632 1439 2666 Hautontimorumeno
1468 2628 1650 2662 detexisse
1684 2627 1753 2659 sibi

210 2698 364 2731 videtur.

351 2757 379 2799 ²)
405 2757 508 2789 Idem
545 2757 568 2788 l.
608 2766 634 2786 S.
674 2766 708 2797 p.
747 2754 814 2785 352
854 2751 1098 2794 reprehendit,
1139 2750 1236 2792 quod
1275 2750 1402 2790 Syrus,
1443 2746 1504 2789 qui
1539 2750 1647 2777 antea
1680 2749 1754 2777 tam

212 2816 385 2848 audacter
418 2826 455 2847 se
488 2819 603 2856 gerat,
638 2813 698 2845 hie
731 2811 914 2854 quomodo
950 2810 1188 2842 difficultates
1222 2809 1266 2840 ab
1299 2807 1379 2849 ipso
1412 2809 1561 2848 paratas
1595 2807 1754 2846 superet,

212 2885 364 2917 prorsus
390 2874 550 2915 nesciat,
579 2883 672 2915 quae
690 2876 813 2904 tamen
841 2870 953 2903 verba
978 2870 1080 2900 nulla
1105 2878 1144 2899 re
1162 2866 1377 2899 fulciuntur.
1422 2865 1535 2905 Syrus
1554 2863 1650 2895 enim
1670 2862 1757 2894 dicit

1524 2926 1543 2953 ’ἐ
