2030 3266
803 306 973 347 -23
1035 327 1111 335 —·

171 428 247 480 sit,
291 431 338 468 ut
379 427 598 469 consilium
637 424 757 466 modo
789 428 958 476 captum
990 424 1246 478 perficiatur,
1290 438 1438 468 servus
1471 427 1722 480 ambagibus

171 498 312 540 missis
358 510 381 539 a
420 496 555 538 Clinia
596 495 714 547 petit,
758 498 804 536 ut
846 494 1102 536 Bacchidem
1147 507 1287 536 secum
1331 496 1496 538 domum
1539 496 1747 551 ducatl)‚1

172 581 422 619 quamquam
464 568 502 609 ei
537 566 758 618 permittit,
797 569 845 606 ut
876 565 988 617 patri
1021 577 1114 607 eam
1146 578 1229 607 non
1262 579 1380 608 suam
1413 580 1508 610 esse
1541 568 1719 609 amicam

171 639 295 680 dicat.
348 638 457 691 Quin
491 637 618 679 etiam
651 636 857 688 concedit,
891 640 936 677 ut
963 635 1239 678 Menedemus
1262 649 1356 678 cum
1380 637 1604 680 (fihremete
1626 638 1719 690 ipso

150 720 316 751 ‘verum
349 707 640 759 communicet,
674 706 782 758 quod
813 706 932 748 illum
964 711 1107 749 tamen
1130 706 1388 749 crediturum
1411 721 1493 750 non
1517 721 1611 751 esse
1634 708 1717 751 sibi

170 779 394 831 persuasit.
451 778 557 820 Nam
580 790 726 820 verum
756 776 933 819 dicendo
956 790 1002 820 se
1024 782 1249 829 utrumque
1272 790 1418 820 senem
1444 778 1718 830 decepturum

169 861 265 891 esse
296 850 503 902 gloriatur
533 848 662 902 (711).

203 929 205 931 ’
288 919 350 961 Sc.
384 919 468 960 VH
510 912 787 973 (723—748).'
862 918 946 960 Sed
995 918 1156 961 Cliniae
1205 920 1542 961 dubitationibus
1591 920 1717 962 victis

170 1003 325 1032 novum
356 991 490 1032 instat
513 990 755 1042 periculum.
808 989 990 1031 Bacchis
1013 981 1125 1030 enim
1152 990 1204 1030 ad
1228 990 1406 1032 militem
1427 990 1559 1043 illum,
1593 1003 1715 1041 quem

169 1060 302 1114 Syrus
333 1062 427 1113 ipse
449 1065 576 1102 antea
602 1062 655 1102 ab
678 1072 727 1102 ea
750 1060 1019 1112 repudiatum
1042 1060 1259 1102 simulavit
1281 1059 1412 1114 (365),
1447 1065 1513 1102 est
1535 1061 1715 1114 abitura,

169 1131 294 1183 quod
318 1138 541 1184 argentum
579 1131 829 1183 promissum
871 1131 1053 1172 nondum
1093 1130 1304 1182 accepit&
1376 1132 1525 1182 Itaque
1565 1144 1715 1174 servus

168 1206 371 1253 quantum
403 1207 558 1254 potest,
593 1202 728 1243 denuo
762 1202 982 1253 pecuniam
1013 1201 1129 1242 illam
1160 1202 1372 1253 pollicitus
1406 1203 1443 1244 ei
1473 1202 1714 1254 persuadet,

168 1355 267 1386 foras
293 1354 379 1395 ruit,
405 1359 447 1386 ut
473 1364 555 1385 cum
581 1358 696 1396 patre,
725 1364 831 1395 quem
858 1357 1009 1395 propter
1027 1353 1181 1385 amicam
1208 1355 1323 1386 solam
1341 1354 1449 1395 fugit,
1477 1365 1587 1395 quam
1605 1354 1714 1386 celer—

167 1413 258 1446 rime
284 1412 530 1445 communicet
564 1412 637 1444 iam
663 1413 802 1444 nullam
829 1412 904 1444 irae
931 1422 1011 1444 esse
1037 1423 1197 1454 causam,
1230 1412 1340 1444 immo
1366 1412 1446 1445 fieri
1470 1423 1590 1455 posse,
1618 1412 1715 1454 quod

168 1483 331 1513 unquam
364 1473 441 1504 fore
476 1472 554 1514 ipse
587 1482 733 1513 sperare
761 1482 873 1504 ausus
906 1482 979 1503 non
1007 1471 1065 1513 sit,
1098 1477 1139 1503 ut
1164 1482 1362 1514 pauperem
1387 1472 1487 1503 illam
1513 1472 1715 1513 puellulam

168 1530 408 1572 Corinthiam,
447 1541 556 1572 quam
591 1530 814 1573 putaverint,
847 1530 883 1562 in
921 1530 1196 1562 matrimonium
1235 1531 1345 1562 ducat
1383 1529 1714 1572 exoptatissimum,

168 1589 302 1632 quippe
330 1600 422 1632 quae
443 1589 646 1622 Chremetis
672 1589 747 1622 filia
774 1589 821 1622 sit
846 1589 972 1630 agnita
990 1589 1011 1621 i.
1039 1600 1067 1622 e.
1088 1589 1189 1621 dives
1215 1589 1306 1622 civis
1332 1589 1592 1621 Atheniensis?
1632 1588 1713 1627 Quo

168 1648 279 1680 animi
295 1644 432 1681 ‘affectu
450 1653 560 1690 poeta
578 1648 668 1681 satis
688 1648 778 1680 scite
799 1649 928 1689 utitur,
949 1652 989 1680 ut
1012 1648 1167 1680 Cliniam
1184 1648 1222 1679 in
1242 1659 1411 1680 scaenam
1430 1648 1551 1689 ducat,
1577 1659 1649 1689 qua
1674 1658 1713 1679 re

168 1718 250 1740 cum
283 1707 373 1740 satis
410 1708 583 1749 declarat,
623 1709 805 1749 quomodo
840 1707 914 1748 fiat,
952 1712 993 1738 ut
1019 1707 1080 1739 ille
1105 1707 1219 1739 nimio
1252 1707 1387 1747 gaudio
1416 1707 1570 1739 affectus
1595 1710 1713 1738 totam

166 1766 333 1799 fraudem
368 1766 468 1798 intus
495 1777 569 1798 non
595 1766 738 1808 prodat,
774 1771 851 1798 tum
878 1766 915 1797 id
941 1765 1029 1807 agit,
1062 1771 1104 1797 ut
1140 1767 1254 1807 Syrus
1281 1765 1477 1798 consilium
1511 1765 1620 1797 modo
1656 1776 1712 1797 ca-

165 1830 270 1867 ptum
288 1825 462 1868 perficere
479 1825 609 1868 possit.
639 1825 733 1857 Nam
753 1824 1101 1857 commemoratione
1119 1830 1176 1857 est
1194 1824 1465 1866 dignissimum,
1481 1825 1580 1867 quod
1599 1824 1714 1865 Syrus

167 1885 315 1916 domum
354 1895 427 1916 non
465 1884 589 1926 intrat,
628 1889 671 1915 ut
703 1884 747 1916 de
787 1883 977 1925 agnitione
1009 1884 1144 1916 certior
1175 1888 1212 1916 et
1239 1883 1394 1916 Cliniam
1429 1888 1465 1915 et
1490 1882 1713 1915 Bacchidem

166 1943 266 1975 foras
287 1943 407 1984 ducat,
429 1943 649 1985 quibuscum
668 1943 852 1975 fallaciam
871 1954 973 1975 suam
993 1942 1247 1984 communicet,
1276 1943 1339 1975 sed
1359 1942 1563 1975 certissimo
1582 1946 1714 1985 poetae

167 2001 321 2034 consilio
358 2008 394 2034 et
427 2001 570 2034 iuvenis
602 2006 638 2034 et
669 2001 843 2034 meretrix
875 2002 968 2034 forte
1001 2002 1152 2033 fortuna
1183 2001 1215 2032 ei
1248 2012 1286 2033 se
1321 2002 1439 2033 offert.
1490 2001 1593 2040 Quae
1631 2011 1713 2032 cum

166 2059 219 2093 ita
254 2060 337 2102 sint,
370 2061 509 2093 nullius
546 2071 634 2093 sane
666 2061 842 2093 momenti
867 2060 1053 2102 Legrandi
1086 2062 1107 2092 l.
1136 2072 1164 2094 s,
1191 2072 1224 2103 p.
1257 2061 1325 2092 353
1352 2062 1465 2092 verba
1492 2065 1579 2091 sunt
1604 2060 1711 2091 haec:

169 2121 222 2161 „Il
254 2120 349 2151 n’est
386 2131 451 2162 pas
478 2120 761 2152 vraisemblable
796 2130 867 2161 que
901 2119 1030 2161 Clinia,
1070 2120 1132 2161 qui
1171 2130 1209 2151 se
1249 2125 1380 2151 trouve
1420 2120 1506 2151 chez
1543 2118 1713 2150 Chremes

165 2179 353 2220 lorsqu'on
387 2189 412 2219 y
438 2182 630 2211 reconnait
660 2178 861 2221 Antiphila
895 2178 947 2211 ait
978 2189 1080 2211 assez
1108 2177 1280 2220 d'empire
1314 2189 1376 2210 sur
1408 2178 1594 2209 lui-meme
1620 2187 1714 2219 pour

166 2238 297 2269 cacher
323 2248 380 2269 ses
419 2237 516 2269 vrais
549 2237 776 2279 sentiments,
811 2242 847 2270 et
879 2236 967 2279 qu’il
1000 2237 1148 2269 attende
1180 2236 1294 2269 d⁷C÷tre
1326 2238 1412 2269 hors
1439 2237 1482 2268 dc
1509 2237 1545 2268 la
1571 2235 1712 2268 maison

166 2307 260 2338 pour
286 2306 324 2328 se
350 2296 481 2328 laisser
506 2297 597 2328 aller
623 2298 643 2328 a
670 2307 740 2328 une
761 2296 838 2339 joie
865 2296 1077 2330 delirante-st

287 2361 312 2404 ¹)
338 2361 441 2393 Idem
467 2362 490 2394 l.
517 2371 543 2394 S.
571 2371 604 2402 p.
631 2361 698 2393 352
725 2361 969 2403 reprehendit,
1004 2361 1101 2403 quod
1129 2362 1244 2401 Syrus
1271 2360 1490 2392 Bacchidem
1517 2360 1561 2392 ad
1588 2359 1711 2391 Mene—

166 2420 312 2452 demum
349 2420 541 2452 traducere
579 2420 723 2461 audeat,
763 2430 870 2461 quem
909 2430 1076 2452 severum
1111 2430 1192 2452 esse
1225 2430 1347 2452 senem
1384 2419 1452 2451 sibi
1486 2418 1712 2461 persuaserit

166 2480 260 2522 (402,
287 2479 420 2522 526s8).
472 2479 542 2511 Sed
568 2489 697 2511 servus
715 2479 788 2520 ille,
817 2478 879 2520 qui
897 2478 1112 2521 Antiphilae
1137 2478 1325 2520 agnitione
1346 2488 1506 2510 summas
1527 2477 1564 2509 in
1582 2478 1710 2518 plagas

166 2537 323 2571 iniectus
362 2542 429 2579 est,
466 2537 545 2570 iure
579 2542 655 2569 tam
680 2537 784 2580 parvi
814 2537 990 2569 momenti
1023 2537 1206 2579 scrupulis
1240 2548 1313 2569 non
1340 2537 1573 2577 sollicitatur,
1600 2536 1710 2567 immo

167 2596 384 2638 ambagibus
422 2596 545 2628 missis
585 2596 739 2628 Cliniam
778 2596 885 2628 amici
918 2607 1064 2638 quoque
1102 2607 1160 2628 res
1198 2596 1235 2628 in
1275 2601 1356 2628 tuto
1389 2605 1525 2637 ponere
1560 2595 1637 2626 iure
1669 2605 1711 2626 ac

165 2654 296 2687 merito
322 2654 435 2687 iubet.

287 2719 312 2761 Γ3)
339 2719 486 2759 Quanta
512 2723 591 2752 arte
617 2725 727 2762 poeta
744 2730 817 2751 non
843 2720 962 2751 solum
981 2719 1201 2752 Bacchidem
1227 2719 1264 2751 in
1283 2729 1452 2751 scaenam
1471 2718 1591 2758 ducat,
1617 2728 1711 2759 quae

170 2778 214 2810 ad
241 2777 496 2810 Menedemum
523 2778 667 2811 traduci
692 2778 822 2821 possit,
850 2778 913 2810 sed
938 2778 1047 2810 etiam
1074 2777 1126 2810 eis
1152 2778 1285 2819 verbis,
1313 2778 1447 2820 quibus
1467 2778 1581 2818 Syrus
1608 2776 1709 2808 Cliti-

168 2837 327 2878 phonem
353 2837 564 2878 petulanter
589 2836 725 2879 decipit
750 2837 830 2877 (365
858 2838 960 2879 sqq.),
998 2847 1044 2869 ne
1078 2837 1148 2868 hoc
1180 2837 1261 2868 loco
1292 2837 1399 2878 plura
1425 2836 1467 2867 de
1500 2836 1616 2868 milite
1645 2835 1708 2867 illo

166 2895 241 2927 sint
267 2895 500 2937 proferenda,
529 2895 677 2936 efficiat,
704 2906 810 2928 nemo
838 2901 893 2927 est
920 2895 1006 2937 quin
1033 2895 1180 2928 sentiat.
