2030 3266
931 263 1221 300 —10—

305 381 511 422 rationem
554 380 720 431 copiose
765 378 1049 431 exposuerim
1082 377 1384 426 mulieremque
1423 375 1475 416 de
1507 375 1640 416 amico
1678 387 1851 416 reverso

306 452 527 494 certiorem
572 451 727 492 factam
773 462 874 501 prae
915 449 1070 501 gaudio
1112 447 1309 488 lacrimas
1352 452 1501 487 tenere
1538 457 1620 486 non
1650 444 1852 496 potuisse

306 522 522 574 adiecerit,
570 522 705 563 Clinia
743 526 829 562 tam
866 520 1140 561 vehementer
1178 517 1349 569 gaudet,
1389 520 1435 558 ut
1475 516 1548 558 nbi
1592 517 1647 558 sit
1690 516 1855 558 nesciat

306 591 434 645 (308).

423 664 480 704 At
513 663 743 715 (flitiphoni
786 660 970 703 nondum
1014 659 1153 701 omnia
1196 659 1409 710 explicata
1450 658 1660 701 videntur.
1722 658 1855 699 Immo

307 746 510 784 quaenam
544 735 678 775 altera
702 733 757 775 sit
789 731 939 773 mulier
970 730 1092 771 modo
1122 733 1448 771 commemorata
1479 741 1502 772 e
1530 741 1654 771 servo
1678 728 1854 780 quaerit.

307 805 424 857 Quae
469 805 520 845 ad
566 805 697 846 verba
743 801 1054 843 audacissimus
1097 800 1169 841 ille
1215 799 1476 842 confidenter
1515 800 1763 852 respondet,
1809 811 1855 840 se

308 944 543 977 Atheniensis
583 947 823 985 agnoscatur,
865 952 974 983 quam
1012 941 1049 972 in
1089 951 1178 973 cena
1216 940 1380 972 virorum
1415 939 1594 973 interesse
1632 950 1705 972 non
1748 938 1858 971 liceat

306 1004 365 1045 (cf.
394 1004 466 1036 Cic.
493 1004 595 1036 Verr.
624 1003 652 1043 I7
680 1003 735 1042 22,
763 1001 807 1033 66
836 999 1020 1042 „Negavit
1045 1000 1158 1032 moris
1185 1010 1264 1032 esse
1293 999 1530 1041 Graecorum,
1557 1003 1599 1031 ut
1622 998 1661 1030 in
1687 997 1856 1031 convivio

307 1063 468 1095 virorum
506 1062 765 1094 accumberent
796 1059 1021 1101 mulieres21).
1072 1060 1167 1091 Sane
1203 1070 1285 1091 cum
1311 1058 1369 1090 his
1397 1058 1490 1090 servi
1518 1057 1640 1090 verbis
1667 1062 1746 1090 tum
1771 1056 1858 1098 illis,

307 1122 440 1163 quibus
468 1120 653 1162 quomodo
680 1119 875 1162 Antiphila
899 1118 964 1151 illa
989 1118 1124 1160 pudica
1150 1122 1261 1160 atque
1287 1117 1433 1158 integra
1450 1116 1565 1149 vitam
1590 1117 1709 1149 soleat
1726 1116 1859 1158 degere

307 1180 484 1222 comperit
519 1180 601 1221 (275
636 1179 742 1221 sqq),
776 1177 894 1210 Clinia
925 1182 1030 1210 tanto
1065 1177 1202 1218 gaudio
1230 1176 1392 1209 afficitur
1418 1176 1527 1219 (308),
1562 1180 1604 1208 ut
1629 1174 1742 1208 tacite
1768 1176 1860 1207 haec

306 1240 436 1281 probet
462 1239 593 1271 verba:
639 1237 758 1279 „Quid
796 1236 910 1269 faciet
942 1236 1033 1269 sua?
1057 1238 1060 1278 Ι
1084 1237 1202 1268 Immo
1242 1236 1287 1268 ad
1325 1240 1428 1268 tuam
1467 1239 1622 1267 matrem
1654 1234 1860 1266 abducetur

305 1298 389 1340 (333
416 1298 547 1340 sqq.)“.
600 1296 697 1336 Quin
732 1307 815 1328 cum
841 1295 982 1329 amicus
1009 1295 1117 1327 nimis
1153 1295 1316 1327 incertus
1344 1294 1402 1335 sit⁷
1439 1294 1526 1336 quid
1551 1293 1673 1335 faciat,
1710 1303 1793 1325 eum
1818 1297 1861 1324 ut

307 1358 383 1399 ipse
422 1362 477 1389 est
516 1355 849 1397 fortunatissimus,
888 1355 1046 1387 libenter
1080 1358 1216 1396 monet,
1249 1358 1292 1386 ut
1324 1353 1407 1395 Syri
1440 1352 1595 1385 consilio
1627 1351 1859 1394 astipuletur,
1897 1353 1901 1356 '

306 1426 529 1457 quamquam
568 1426 607 1447 se
646 1415 704 1447 his
730 1415 853 1447 verbis
887 1414 924 1446 in
960 1425 1039 1446 eam
1075 1413 1335 1446 necessitatem
1371 1412 1503 1445 adduci
1528 1422 1602 1444 non
1628 1411 1787 1453 ignorat,
1820 1414 1862 1442 ut

307 1474 524 1507 Bacchidem
552 1485 656 1506 suam
676 1484 756 1506 esse
776 1473 931 1506 amicam
959 1472 1107 1505 simulet
1133 1473 1216 1515 (359
1235 1483 1289 1514 sq.
1309 1472 1374 1513 „In
1395 1482 1478 1504 eum
1498 1470 1571 1503 iam
1589 1481 1647 1502 res
1673 1469 1784 1502 rediit
1809 1470 1860 1501 lo-

307 1546 399 1575 cum,
425 1535 428 1575 Ι
452 1538 493 1566 ut
527 1534 575 1566 sit
607 1534 835 1576 necessus“).
885 1532 1037 1565 Minime
1070 1532 1186 1573 igitur
1218 1542 1276 1564 res
1312 1535 1388 1563 tam
1423 1529 1548 1572 gravis
1581 1530 1626 1562 ab
1659 1540 1701 1562 eo
1733 1533 1861 1571 postu-

308 1595 413 1635 latur,
448 1604 557 1634 quam
584 1592 934 1625 Herrmanowskius
969 1593 992 1623 l.
1021 1603 1049 1626 s.
1076 1602 1110 1634 p.
1137 1592 1181 1623 25
1209 1590 1425 1632 arbitratur,
1460 1588 1595 1632 quippe
1622 1599 1730 1630 quem
1756 1587 1863 1620 Anti-

307 1652 426 1695 philae
454 1652 638 1693 misereat,
667 1652 765 1693 quod
793 1651 933 1683 Cliniae
961 1661 1064 1683 amor
1091 1655 1167 1682 tam
1201 1649 1370 1682 celeriter
1395 1648 1637 1690 refrigeratus
1664 1647 1723 1680 sit.
1774 1647 1862 1679 Ter-

307 1711 379 1743 tius
406 1716 529 1744 autem
556 1710 640 1743 huis
668 1710 814 1751 generis
840 1711 945 1742 locus
972 1710 1070 1742 infra
1095 1709 1294 1741 invenitur.
1346 1709 1461 1749 Syrus
1489 1707 1585 1740 enim
1611 1706 1702 1738 dicit
1722 1705 1863 1748 „Etiam

307 1771 404 1803 haud
431 1770 506 1802 scio
535 1781 628 1802 anne
660 1780 813 1802 uxorem
840 1769 951 1801 ducat
978 1780 1021 1801 ac
1048 1769 1140 1810 Syro
1168 1768 1219 1800 nil
1246 1767 1388 1809 gratiae
1415 1766 1548 1809 (999)“‚
1584 1776 1656 1808 quo
1684 1776 1729 1798 ex
1753 1775 1864 1797 versu

306 1830 422 1872 primo
456 1829 603 1871 quidem
639 1830 774 1861 obtutu
807 1828 1101 1861 concludendum
1127 1827 1275 1860 videtur
1307 1828 1442 1868 Syrum
1477 1824 1681 1868 Clitiphoni
1712 1834 1862 1856 uxorem

307 1900 385 1922 esse
418 1889 621 1921 ducendam
655 1888 728 1920 iam
762 1887 868 1921 scire.
919 1888 990 1920 Sed
1021 1898 1067 1919 ne
1095 1888 1186 1919 haec
1212 1886 1360 1928 quidem
1387 1887 1501 1919 verba
1527 1883 1718 1927 aptissima
1752 1883 1863 1915 inter-

308 1949 515 1990 pretatione
543 1958 666 1980 carere
692 1958 777 1979 mox
805 1957 1073 1985 cognoscemus

424 2020 448 2061 1)
475 2019 533 2050 Ad
558 2029 706 2051 versum
732 2019 800 2050 285
831 2018 1052 2057 „Texentem
1078 2018 1189 2049 telam
1217 2016 1383 2049 studiose
1410 2015 1528 2058 ipsam
1557 2013 1798 2046 offendimus“
1826 2012 1864 2043 in

309 2078 433 2110 codice
461 2077 640 2110 Bembino
667 2078 758 2110 haec
776 2078 890 2109 verba
916 2076 1078 2119 ascripta
1103 2077 1295 2117 leguntur:

520 2142 574 2178 Ἐξ
600 2144 763 2188 [maclou
791 2143 824 2175 δ”
853 2140 1033 2190 ἐκρέματο
1061 2139 1264 2184 φιλοπόνως
1290 2138 1387 2174 πάνυ
1414 2140 1470 2180 (fr.
1502 2140 1567 2171 142
1593 2139 1652 2180 K),

307 2209 350 2241 ad
372 2219 501 2240 versus
527 2209 594 2239 293
615 2218 667 2249 sq.
688 2208 909 2249 „Praeterea
934 2218 1009 2239 una
1035 2207 1210 2239 ancillula
1233 2206 1238 2247 Ι
1262 2209 1358 2246 erat;
1386 2216 1429 2237 ea
1458 2204 1608 2237 texebat
1634 2214 1708 2234 una
1736 2201 1868 2244 pannis

308 2267 450 2299 obsita*
484 2267 725 2298 inveniuntur
750 2267 840 2298 haec

1013 2326 1073 2357 καί
1102 2324 1321 2368 aspamam&
1350 2318 1392 2365 ἦν
1417 2325 1495 2368 μία,

588 2382 689 2429 Αὕτη
718 2382 940 2428 σι’νιῖᾳαινεν
968 2385 1134 2429 ῥυπαρῶς
1160 2382 1370 2428 διακειμένη
1399 2382 1456 2422 (fr.
1486 2383 1551 2414 142
1578 2381 1642 2423 K).

308 2457 408 2488 Haec
434 2456 654 2497 fragmenta,
681 2466 775 2498 quae
802 2466 823 2487 a
848 2454 1032 2487 Meinekio
1067 2459 1103 2486 et
1128 2452 1271 2485 Kockio
1298 2453 1335 2484 in
1362 2464 1476 2485 unum
1503 2452 1703 2484 coniuncta
1735 2446 1866 2482 Nenci'

308 2516 389 2547 nius
416 2516 438 2547 l.
467 2526 494 2547 s,
521 2527 554 2557 p.
583 2515 625 2546 72
654 2525 720 2547 suo
748 2514 827 2546 iure
853 2524 986 2546 rursus
1013 2512 1185 2553 seiunxit,
1218 2511 1369 2544 minime
1396 2522 1483 2543 cum
1510 2511 1701 2552 VVagnero
1728 2510 1750 2540 l.
1778 2519 1805 2540 S.
1833 2511 1870 2539 et

307 2573 505 2627 S'Nencinio
533 2573 639 2615 quasi
666 2573 792 2616 spuria
818 2584 897 2605 esse
924 2572 1115 2605 abicienda
1140 2576 1177 2604 et
1202 2572 1378 2603 Schleeus
1403 2570 1441 2602 in
1466 2569 1622 2602 Nencini
1646 2567 1762 2600 libelli
1788 2577 1869 2599 cen-

327 2644 393 2665 ura
429 2634 487 2664 (In
525 2633 619 2664 libro
653 2632 822 2665 hebdom.
849 2632 977 2674 philol.
1006 2632 1114 2664 class.
1141 2631 1176 2663 X
1204 2630 1324 2671 (1893)
1360 2640 1394 2672 p.
1422 2629 1505 2671 603)
1539 2634 1576 2660 et
1601 2629 1690 2668 Leo,
1718 2627 1868 2666 Quaest.

307 2692 427 2724 Plaut.
443 2703 476 2733 p.
498 2693 562 2724 130
579 2702 634 2724 an.
653 2693 669 2723 1
686 2696 784 2723 recte
800 2694 935 2723 monet.
958 2691 1122 2733 Apparet
1141 2694 1265 2722 autem
1283 2699 1358 2720 non
1379 2687 1486 2720 aliter
1505 2687 1603 2729 apud
1622 2686 1866 2719 Mencndidm

310 2750 352 2781 de
371 2750 566 2792 Antiphila
593 2751 747 2792 eiusque
773 2749 922 2782 vivendi
948 2749 1091 2782 ratione
1118 2752 1307 2781 narratum
1335 2747 1450 2779 fuisse
1477 2750 1587 2788 atque
1616 2745 1713 2788 apud
1733 2745 1867 2777 Teren-

315 2809 418 2849 tium,
458 2820 567 2850 quam
610 2810 655 2841 ob
683 2820 758 2841 rem
792 2819 864 2841 non
892 2809 1082 2849 habemus,
1116 2808 1213 2850 quod
1249 2818 1331 2840 cum
1358 2805 1590 2847 Venedigero
1625 2809 1661 2837 et
1691 2805 1869 2836 Roettero

313 2867 393 2909 Syri
420 2878 544 2909 panes
572 2869 616 2899 ab
645 2868 845 2909 exemplari
872 2868 1013 2899 Graeco
1041 2867 1180 2899 alienas
1207 2866 1386 2898 dicamus.
