2030 3266
836 294 1126 337 ...53—

208 416 329 468 situs,
352 421 576 468 postquam
601 415 823 468 pecuniam
846 427 869 456 a
892 414 1065 457 senibus
1088 414 1266 466 accepit,
1290 418 1432 456 tamen
1458 406 1750 456 Nausistratae

208 487 404 528 maritum
446 486 598 528 Lemni
641 485 818 527 alteram
859 485 1061 527 habuisse
1099 497 1269 527 uxorem
1308 485 1462 537 prodit,
1508 497 1588 536 qua
1620 484 1672 526 (19
1703 497 1750 526 re

207 557 437 599 Haulerus‘
465 556 670 609 (Ρ1101Ἧ1.3
713 555 829 607 Lips.
864 554 976 595 1898
1018 569 1055 608 p.
1096 554 1166 610 72)
1206 555 1365 597 iudicat
1405 556 1540 598 hisce:
1588 555 1750 607 „Recht

206 627 317 669 wohl
349 627 470 669 hatte
503 626 611 668 nach
645 639 683 668 v.
707 625 790 666 947
825 625 900 667 das
934 625 1066 669 Stiick
1099 631 1224 668 unter
1252 626 1425 679 Lusung
1457 626 1564 668 aller
1594 627 1749 668 vorher

205 697 444 750 gebotenen
496 696 858 749 Verwicklungen
921 698 1043 739 einen
1106 697 1286 739 raschen
1336 697 1554 739 Abschluss
1606 696 1747 738 finden

204 769 417 809 kiinnen⁴‘.
449 768 600 818 Itaque
622 767 720 808 huic
743 767 825 819 ipsi
843 767 1283 810 Hautontimorumeni
1306 767 1438 810 exitui
1459 767 1747 809 testimonium

203 839 345 880 inesse
378 838 546 879 videtur
577 849 660 879 non
683 838 993 879 contaminatae
1027 843 1098 880 aut
1131 843 1317 880 mutatae
1349 838 1520 880 fabulae
1543 837 1746 889 Graecae,

203 909 278 950 sed
312 921 426 951 mere
459 921 482 949 a
512 908 713 950 Terentio
745 909 991 950 translatae.

321 979 473 1021 Restat
518 983 562 1020 ut
605 979 657 1021 tle
699 979 868 1021 fabulae
912 979 1035 1021 titulo
1078 992 1211 1031 pauca
1253 980 1496 1031 adiciamus,
1541 992 1620 1031 quo
1657 980 1747 1031 ipso

205 1062 367 1101 quoque
431 1051 544 1091 viros
617 1050 761 1092 doctos
828 1049 984 1091 offendi
1048 1063 1175 1102 supra
1252 1050 1543 1092 indicavimus.
1623 1050 1749 1091 Velut

204 1121 498 1174 Venedigerus
531 1121 557 1162 l.
592 1134 622 1162 s.
656 1133 693 1171 p.
729 1119 810 1160 1:³25
844 1120 967 1161 dicit:
1015 1121 1204 1172 „Fassen
1238 1122 1317 1162 wir
1350 1121 1424 1162 das
1457 1120 1648 1174 Gesagte
1680 1134 1748 1162 zu-

202 1204 405 1243 sammen,
449 1203 493 1233 so
534 1191 665 1233 sehen
699 1191 791 1243 wir,
826 1191 924 1232 dass
958 1191 1052 1233 dem
1086 1191 1244 1233 Stiicke
1276 1215 1333 1220 —
1366 1192 1472 1233 auch
1508 1191 1584 1233 der
1617 1192 1748 1233 Name

201 1263 675 1305 Hautontimorumenos
715 1275 794 1303 nur
832 1275 906 1303 zur
946 1262 1093 1304 Hiilfte
1136 1263 1390 1315 zukomnit‚⁴‘
1426 1262 1746 1304 Herrmanows-

202 1334 298 1375 kius
330 1334 355 1374 1.
388 1346 419 1375 s.
453 1345 477 1384 p
524 1331 577 1372 28
616 1334 722 1375 haec
762 1332 904 1375 affert:
949 1366 967 1383 ‚.
1005 1332 1196 1386 (Nomen)
1231 1346 1254 1374 a
1287 1346 1386 1375 vero
1420 1334 1590 1375 fabulae
1623 1346 1748 1386 argu-

201 1413 342 1446 mento
375 1404 559 1446 alienum
592 1404 700 1456 est·‘‚
734 1403 964 1445 Nencinius
995 1404 1021 1445 1.
1051 1417 1082 1445 s.
1106 1417 1131 1455 p
1168 1402 1222 1443 68
1251 1404 1376 1445 dicit:
1404 1404 1542 1456 „Jnde
1565 1405 1747 1455 emergit

198 1475 422 1526 primarias
460 1475 504 1515 in
542 1475 622 1516 hac
661 1474 806 1516 fabula
838 1480 982 1526 partes
1014 1475 1174 1517 habere
1207 1475 1475 1517 ('h1·emetem
1509 1498 1564 1502 —-
1597 1480 1745 1517 contra

199 1546 368 1588 fabulae
409 1545 682 1588 Menedemus
721 1557 871 1587 nomen
910 1546 1101 1587 indidit.“
1169 1545 1248 1598 Qui
1287 1545 1435 1587 titulus
1475 1558 1577 1587 sane
1610 1545 1744 1597 primo

200 1608 347 1658 obtutu
408 1616 540 1657 mirus
572 1615 752 1658 Videtur.
804 1617 868 1657 An
895 1616 946 1658 ad
971 1622 1193 1667 utrumque
1221 1629 1367 1658 senem
1389 1622 1455 1658 est
1477 1616 1740 1667 referendus,

199 1699 291 1728 cum
318 1687 447 1729 etiam
476 1687 678 1729 (hremes
703 1687 795 1739 ipse
817 1699 864 1728 se
886 1699 1022 1739 poena
1055 1686 1242 1728 afficiat?
1283 1686 1365 1728 Sed
1388 1687 1447 1728 ita
1470 1694 1512 1728 et
1534 1687 1741 1739 singulari

197 1770 371 1800 numero
404 1765 447 1800 et
479 1771 528 1799 ea
560 1770 620 1811 re,
655 1758 764 1808 quod
798 1758 1000 1800 (¹hremes
1032 1758 1191 1799 inscius
1226 1770 1271 1800 se
1305 1758 1437 1809 punit,
1478 1757 1740 1799 offendimur.

197 1829 267 1870 Nil
304 1829 436 1881 igitur
475 1833 665 1870 statuere
702 1829 802 1870 licet
844 1829 925 1870 nisi
964 1841 1072 1881 eum,
1114 1829 1183 1880 qui
1215 1828 1338 1870 titulo
1370 1829 1623 1880 nominatur,
1657 1840 1739 1869 11011

196 1900 422 1952 primarias
454 1899 624 1941 fabulae
658 1905 802 1951 partes
835 1905 994 1941 tenere.
1057 1899 1138 1941 Sed
1173 1906 1218 1940 ut
1251 1900 1373 1941 huius
1407 1901 1561 1942 aetatis
1596 1907 1739 1951 poetas

195 1970 238 2011 id
262 1982 390 2023 agere
425 1982 599 2012 necesse
622 1982 703 2011 non
737 1976 814 2023 est,
838 1976 884 2012 ut
906 1971 955 2022 is,
981 1983 1102 2022 quem
1124 1983 1199 2012 nos
1224 1970 1437 2012 Titelheld
1462 1971 1737 2022 appellamus,

197 2042 324 2082 etiam
362 2042 398 2082 is
437 2041 506 2092 sit,
551 2042 619 2092 qui
653 2041 974 2083 Dramatischer
1011 2042 1122 2083 Held
1168 2042 1377 2092 (11011111-1)7
1417 2042 1476 2082 ita
1519 2054 1572 2082 ne
1604 2053 1739 2082 novae

197 2112 365 2163 quidem
405 2111 645 2153 comoediae
680 2116 825 2163 poetas
857 2112 997 2165 legem
1029 2112 1145 2153 illam
1179 2119 1346 2153 secutos
1380 2124 1475 2153 esse
1508 2112 1736 2164 apparetff).

194 2183 325 2224 Immo
357 2182 846 2235 Hautontimorumenos,
879 2183 920 2224 id
954 2183 1063 2234 quod
1095 2184 1206 2224 haud
1239 2184 1299 2224 ita
1331 2195 1425 2224 raro
1459 2183 1652 2234 occurrit,
1685 2184 1737 2223 al)

193 2266 241 2294 ea
277 2265 456 2304 persona
489 2266 639 2295 nomen
674 2253 802 2305 ducit,
836 2254 887 2294 ad
912 2267 1036 2305 quani
1058 2260 1146 2296 tota
1180 2255 1288 2295 actio
1321 2254 1504 2305 pertinet
1529 2253 1597 2295 vel
1620 2253 1736 2294 cuius

192 2325 331 2377 gratia
371 2325 509 2364 omnia
542 2324 840 2375 suscipiuntur.
896 2325 999 2366 Nam
1034 2325 1271 2367 Menedemi
1312 2337 1502 2365 maerore
1536 2324 1735 2364 Chremes

312 2479 334 2519 ¹)
361 2477 526 2519 Exempli
554 2477 675 2517 gratia
696 2476 864 2509 Schilleri
891 2477 1007 2509 Braut
1026 2488 1098 2509 von
1116 2477 1279 2509 Messina
1305 2477 1429 2516 afferQ
1458 2487 1529 2518 qua
1549 2476 1586 2507 in
1611 2476 1736 2507 fabula

191 2537 370 2577 Beatrice⁷
408 2547 630 2578 quamquam
657 2547 699 2568 ea
726 2541 792 2576 est,
826 2527 941 2568 cuius
959 2547 1070 2568 causa
1096 2542 1174 2568 tota
1200 2536 1295 2568 actio
1322 2535 1506 2578 incipitur,
1541 2534 1733 2577 primarias

191 2600 314 2627 tamen
339 2600 462 2638 partes
488 2606 563 2627 non
589 2595 676 2634 agit.

310 2666 336 2708 2)
363 2667 473 2699 Velut
499 2677 595 2698 nunc
623 2670 769 2698 constat
795 2666 831 2697 in
850 2666 1043 2698 Menandri
1063 2666 1356 2698 Perieeiromone
1375 2665 1587 2697 Polemonis
1613 2675 1732 2697 mores

189 2725 344 2757 maxime
371 2724 625 2765 demonstrari,
651 2725 912 2767 Epitrepontes
939 2736 958 2757 a
985 2725 1099 2757 servis
1126 2725 1252 2757 fabula
1269 2724 1418 2756 ineunte
1440 2723 1731 2766 disceptantibus

188 2793 322 2815 nemen
347 2784 490 2825 ducere,
517 2795 738 2826 quamquam
764 2784 906 2825 reliqua
933 2784 1058 2816 fabula
1082 2785 1191 2825 longe
1219 2783 1289 2815 alio
1308 2783 1458 2824 negotio
1485 2782 1730 2815 contineatur.

191 2842 287 2881 Quin
314 2843 423 2875 etiam
450 2844 570 2875 Heros
596 2844 723 2875 fabula
749 2854 881 2874 nomen
914 2854 987 2875 non
1014 2843 1129 2875 trahit-
1155 2842 1224 2874 nisi
1251 2854 1271 2874 a
1288 2843 1366 2874 Deo
1394 2842 1467 2883 illo,
1495 2842 1557 2883 qui
1582 2842 1729 2874 fabulae

188 2907 447 2942 argumentum
473 2908 631 2935 enarrat.
