2030 3266
906 280 1082 322 —60
1142 306 1197 311 --

392 398 553 452 Quibus
586 411 638 441 ex
670 400 797 441 rebus
831 399 936 441 satis
969 404 1147 451 apparet
1174 400 1252 441 toti
1282 399 1452 441 fabulae
1482 399 1542 440 nil
1564 399 1720 451 inesse,
1743 411 1823 450 quo

275 469 553 518 adducamur,
603 473 650 511 ut
702 474 853 521 poetae
907 470 1225 512 adulescentulo
1276 482 1369 512 eam
1420 470 1668 511 tribuamus.
1740 469 1824 512 Sed

276 552 329 582 ne
352 541 541 593 cogimur
559 540 729 592 quidem
752 552 845 582 cum
867 541 1035 594 Bethio,
1056 541 1313 594 Legranffio,
1338 541 1510 582 (¹larkio
1533 540 1707 582 credere
1730 551 1823 582 esse

275 623 420 663 regem
463 611 580 652 illum
620 610 911 652 Alexandrum
952 612 1101 662 ipsum.
1174 611 1489 665 Wilhelmius¹)
1533 611 1646 653 enim
1687 610 1824 652 titulis

276 682 526 733 quibusdam
579 681 737 723 Atticis
789 682 908 722 nisus
955 687 1098 723 monet
1150 682 1279 723 etiam
1331 682 1613 735 Antigonum,
1672 681 1824 722 Deme-

279 753 416 804 trium,
459 753 564 794 alios
607 752 775 793 nomine
817 752 971 793 omisso
1005 752 1255 802 simpliciter
1286 764 1412 805 reges
1445 752 1682 804 appellatos
1715 763 1824 795 esse..

277 823 424 874 Itaque
458 823 625 865 Dietzio
640 821 673 875 ²)
706 822 997 874 astipulamur,
1032 823 1102 873 qui
1126 822 1306 863 Cliniam
1337 827 1456 864 ratus
1489 823 1541 864 ad
1564 823 1826 874 Antigonum

277 892 458 947 abisse²⁵)
512 893 621 934 hanc
678 892 866 934 fabulam
923 905 1033 934 anno
1096 891 1179 932 302
1232 894 1301 935 vel
1354 891 1437 932 301
1502 894 1667 935 doctam
1729 904 1825 934 esse

278 965 554 1016 demonstrat,
606 975 709 1014 quos
751 963 805 1004 ad
849 976 982 1005 annos
1033 963 1075 1004 id
1117 964 1255 1015 ipsum
1299 964 1492 1016 quadret,
1536 964 1644 1014 quod
1687 963 1827 1015 patria

276 1035 498 1076 incolumis
550 1035 726 1075 dicatur.
802 1034 905 1075 Tum
959 1039 1100 1076 autem
1150 1035 1354 1086 temporis
1398 1034 1630 1075 Menander
1672 1033 1826 1085 viginti

276 1106 367 1148 fere
407 1117 538 1146 annos
578 1106 620 1146 in
660 1105 888 1146 comoediis
926 1105 1163 1147 scribendis
1206 1109 1298 1147 erat
1335 1109 1531 1146 versatus
1574 1116 1710 1155 neque
1742 1104 1827 1145 iam

277 1176 462 1218 alienum
480 1176 650 1217 videtur
666 1182 819 1227 putare
836 1176 965 1218 talem
984 1181 1152 1228 poetam
1171 1177 1653 1218 Hautontimorumenon
1671 1176 1826 1217 Teren-

275 1247 435 1287 tianam
468 1247 767 1299 composuisse.

398 1401 424 1442 l)
451 1400 654 1433 Urkunden
682 1399 949 1432 dramatischer
975 1400 1261 1441 Auffiihrungen
1288 1400 1324 1431 in
1350 1400 1473 1433 Athen
1499 1411 1533 1442 p.
1566 1400 1630 1431 130
1657 1409 1709 1441 sq.

397 1458 425 1500 ²)
452 1459 508 1491 De
533 1459 749 1491 Philemone
776 1458 927 1499 comico,
953 1458 1052 1494 Diss.
1081 1458 1249 1500 Gotting.
1278 1459 1368 1491 1901
1396 1470 1431 1501 p.
1460 1459 1502 1490 13
1530 1469 1586 1491 an.
1613 1459 1645 1491 2.

397 1517 775 1560 3)Wi1amowit21um
822 1518 963 1559 (Antig.
1003 1528 1037 1560 p.
1080 1518 1163 1560 239)
1209 1517 1305 1549 enim
1343 1522 1493 1550 secutus
1542 1522 1628 1560 post
1665 1527 1828 1559 pugnam

278 1576 459 1619 Ipsiaeam
494 1577 767 1609 adulescentem
794 1577 1059 1608 Atheniensem
1087 1576 1124 1608 in
1150 1576 1239 1608 Asia
1273 1577 1370 1619 apud
1396 1587 1519 1618 regern
1548 1575 1729 1619 stipendia
1755 1585 1829 1606 non

275 1636 347 1668 iam
373 1635 553 1668 meruisse
581 1636 723 1668 statuit.
