2030 3266
811 307 1101 348 —33—

184 424 323 477 Quid?
365 425 473 476 quod
517 430 692 476 utroque
734 424 823 465 loco
866 424 918 466 de
961 436 1064 466 cena
1097 424 1281 466 secunda
1313 426 1445 467 verba
1477 425 1594 477 fiunt,
1635 437 1728 467 cum

184 500 352 537 constet
369 495 555 538 Graecos
578 495 720 536 vinum
744 507 827 536 non
850 494 941 536 fere
966 494 1123 537 bibisse
1145 495 1228 536 nisi
1244 500 1341 547 post
1358 507 1505 537 cenam
1521 494 1727 549 ipsam?¹)

184 566 252 607 An
284 566 423 618 aptius
455 565 570 607 nimii
603 565 839 607 meretricis
872 569 1065 617 sumptus
1097 565 1378 607 demonstrari
1406 570 1582 617 possunt
1604 579 1727 617 quam

183 649 315 679 cenae
358 636 569 678 secundae
610 636 815 689 exemplo,
859 635 902 676 in
936 648 1017 687 qua
1048 636 1141 687 ipsa
1173 640 1273 677 tunc
1304 637 1506 688 temporis
1540 635 1726 678 Graecos

183 706 402 758 cuppediis
445 706 626 748 maxime
666 707 796 748 variis
839 711 1010 758 praeter
1053 707 1198 749 vinum
1240 720 1338 749 usos
1380 720 1474 750 esse
1519 708 1624 750 satis
1663 713 1729 749 est

182 775 399 829 notumP‘2)
460 777 611 828 Itaque
652 777 883 830 fragmenti
922 778 1054 819 verba
1092 790 1185 820 cum
1218 778 1454 821 Chremetis
1488 776 1652 820 Graeca
1684 777 1727 818 in

182 847 327 889 fabula
359 847 506 890 eodem
538 859 678 889 rerum
711 852 909 890 contextu
942 848 1163 890 coniuncta
1191 849 1323 891 fuisse
1346 849 1437 892 veri
1469 849 1726 890 simillimum

183 924 262 960 est.
319 917 429 971 Quid
461 925 603 960 autem
636 919 837 961 maiorem
869 920 958 961 veri
991 919 1177 971 speciem
1209 920 1352 973 habet,
1387 932 1511 971 quam
1543 919 1585 960 id
1619 919 1727 970 quod

183 989 442 1041 Terentium,
476 1001 599 1039 quem
633 1001 684 1031 ex
716 989 850 1041 primo
875 990 1000 1031 huius
1026 990 1198 1032 fabulae
1220 991 1460 1043 fragmento
1483 996 1525 1032 et
1548 1001 1727 1032 scaenae

182 1059 262 1101 loci
294 1071 446 1101 nomen
489 1066 532 1102 et
575 1072 644 1102 res
689 1061 742 1101 ad
785 1060 1023 1103 Menedemi
1067 1061 1241 1102 fundum
1283 1061 1522 1103 accuratius
1560 1060 1728 1102 demon-

181 1130 403 1172 strandum
435 1130 702 1182 pertinentes
725 1143 800 1182 pro
823 1137 1110 1182 spectatorum
1132 1144 1301 1174 suorum
1332 1132 1504 1184 ingenio
1533 1131 1726 1173 omisisse

182 1201 519 1254 cognovimus²³),
559 1201 797 1243 Chremetis
838 1214 968 1244 cenae
1000 1203 1287 1245 narrationem
1320 1203 1557 1244 breviorem
1590 1201 1727 1244 reddi·

182 1272 298 1313 disse
331 1272 522 1323 dicimus,
556 1284 650 1314 cum
681 1278 782 1314 tunc
814 1273 1017 1324 temporis
1049 1273 1230 1315 Romani
1262 1273 1510 1326 amygdalas
1543 1278 1586 1315 et
1617 1272 1728 1314 mala

182 1342 345 1384 Punica
362 1343 434 1384 vix
456 1342 561 1384 satis
583 1341 876 1397 novissentP4)
898 1342 1056 1396 Quodsi
1079 1343 1326 1396 diligentius
1348 1343 1579 1396 fragmenti
1595 1343 1726 1385 verba

181 1413 450 1465 inspicimus,
496 1414 634 1465 ipsum
675 1414 779 1455 illud
822 1414 1071 1456 vocabulum
1112 1414 1300 1467 ἄριστον,
1344 1427 1424 1465 quo
1460 1413 1725 1467 offendimur,

183 1497 275 1527 cum
308 1485 594 1526 trimetrorum
637 1485 911 1527 iambicorum
955 1486 1122 1537 legibus
1160 1498 1400 1537 repugnare
1438 1490 1631 1536 apertum
1669 1485 1727 1527 fit.

181 1554 299 1608 Quae
332 1555 500 1606 quidem
539 1554 730 1607 offensio,
773 1556 808 1596 si
849 1568 940 1597 cum
980 1555 1218 1609 Bentleio5)
1261 1552 1338 1606 ἐγώ
1381 1556 1582 1606 delenmS,
1625 1568 1727 1598 sane

181 1626 356 1668 tollitur.
431 1625 513 1667 Sed
558 1639 657 1667 num
700 1638 845 1668 vocem
890 1639 1037 1668 sanam
1080 1626 1307 1668 eiciamus?
1381 1627 1512 1668 Immo
1555 1627 1726 1679 ἄριστον

182 1697 432 1740 vocabulum
475 1696 771 1749 corrIgendum
820 1709 915 1739 esse
957 1702 1156 1750 apparet,
1204 1710 1297 1739 cum
1345 1698 1597 1749 praesertim
1643 1697 1727 1739 ulla

180 1773 324 1810 aetate
358 1768 474 1809 cenis
506 1768 704 1809 secundis
736 1772 823 1809 tam
856 1768 1029 1819 opipare
1067 1769 1297 1820 apparatis,
1341 1781 1464 1819 quam
1503 1769 1582 1809 hoc
1615 1768 1726 1820 frag-

184 1843 325 1881 mento
358 1838 480 1880 nobis
512 1838 805 1890 persuadetur,
839 1843 1042 1880 exornata
1080 1851 1176 1880 esse
1208 1839 1386 1891 prandia
1408 1839 1479 1880 vix
1508 1839 1726 1890 quisquam

181 1909 341 1961 credat,
375 1921 625 1960 quamquam
658 1914 816 1951 certam
850 1909 1033 1960 aliquam
1066 1909 1273 1952 medelam
1301 1921 1354 1951 ne
1386 1922 1461 1951 nos
1484 1909 1650 1960 quidem
1684 1909 1726 1950 in

182 1985 377 2032 promptu
408 1980 626 2021 habemus,

298 2051 448 2102 Itaque
474 2062 528 2092 ne
549 2051 627 2092 hoc
649 2050 817 2101 quidem
839 2050 1093 2104 fragmento,
1127 2063 1179 2092 ex
1202 2063 1282 2102 quo
1304 2050 1568 2102 Dziatzkoss),
1603 2064 1724 2102 quam

302 2192 328 2233 ¹)
355 2190 769 2232 Herrmann-Bliininer,
797 2190 941 2224 Griech.
969 2191 1229 2233 Antiquitaten
1255 2192 1329 2225 15⁹³
1355 2203 1390 2234 p.
1417 2192 1495 2224 243.

300 2248 327 2292 ²)
354 2249 631 2286 Becker-Goell,
660 2249 850 2282 Charikles
877 2248 940 2281 113
965 2261 998 2292 p.
1025 2250 1092 2282 327
1120 2260 1198 2292 sqq.

300 2309 326 2350 3)
353 2308 398 2341 cf.
425 2319 459 2351 p.
488 2309 506 2340 2
532 2319 590 2341 an.
620 2309 636 2339 1
664 2308 773 2340 huius
801 2319 931 2344 comm.

299 2368 325 2410 ⁴)
351 2368 472 2407 Hehn,
504 2367 705 2409 Kulturpfi.
744 2378 779 2400 u.
815 2368 1014 2401 Haustiere
1049 2379 1082 2410 p.
1109 2369 1194 2401 382:
1231 2369 1298 2410 „In
1323 2368 1456 2401 Italien
1489 2373 1601 2400 nennt
1635 2368 1725 2400 Cato

181 2437 302 2468 gagen
335 2426 390 2458 die
417 2426 523 2459 Mitte
559 2426 621 2458 des
654 2427 686 2459 2.
713 2427 988 2459 Jahrhunderts
1016 2427 1135 2460 weder
1166 2427 1359 2469 iuglandes
1392 2428 1487 2459 noch
1520 2426 1725 2459 Kastanien

181 2486 278 2517 noch
305 2485 501 2518 Mandeln“
530 2490 567 2517 et
591 2496 626 2528 p.
653 2486 738 2520 383:
767 2486 868 2527 „Auf
885 2486 996 2528 jeden
1019 2486 1098 2518 Fan
1123 2487 1222 2519 kann
1248 2486 1307 2519 bei
1333 2486 1414 2518 dem
1440 2486 1587 2526 Mangei
1614 2486 1727 2518 festor

181 2544 325 2576 Namen
351 2555 398 2576 an
424 2544 504 2577 eine
531 2544 748 2586 allgemeine
776 2545 917 2577 Kultur
944 2545 1062 2578 dieser
1088 2545 1227 2578 Baiune
1259 2545 1296 2578 in
1323 2545 1457 2577 Italien
1483 2556 1528 2577 zu
1554 2545 1723 2577 Plautus7

183 2603 258 2634 und
286 2602 396 2635 Catos
423 2603 505 2636 Zeit
530 2603 633 2635 nicht
659 2603 817 2645 gedacht
843 2604 1022 2645 werden“,
1056 2615 1278 2646 quamquam
1305 2605 1401 2636 mala
1426 2605 1567 2636 Punica
1595 2603 1725 2636 Catoni

182 2661 274 2693 satis
300 2667 389 2694 nota
414 2662 587 2694 videntur
613 2662 740 2703 fuisse,
769 2673 840 2704 qua
867 2663 909 2694 de
936 2673 974 2695 re
1001 2663 1046 2697 cf.
1073 2663 1158 2695 ibid.
1186 2674 1219 2706 p.
1247 2664 1326 2696 238.

299 2719 330 2763 5)
356 2721 451 2754 Men.
479 2725 514 2753 et
541 2721 695 2756 Philem.
724 2722 800 2753 rell.
829 2721 882 2754 ed.
910 2721 1078 2754 Meineke
1105 2723 1225 2754 Berol.
1258 2723 1344 2754 1823
1371 2733 1405 2764 p.
1431 2722 1511 2754 459.

301 2779 328 2821 Θ)
354 2779 472 2812 Affert
489 2779 583 2813 enim
600 2780 637 2812 in
648 2780 816 2812 Roetteri
833 2780 1116 2822 programmatis
1134 2791 1290 2813 censura
1306 2781 1506 2824 (Deutsche
1521 2780 1725 2813 Literatur-

183 2837 333 2879 zeitung
351 2838 449 2870 XIII
474 2839 594 2881 (1892)
620 2850 654 2881 p.
684 2839 787 2881 1460)
817 2839 905 2881 „Die
928 2839 1183 2881 Abweichung
1208 2840 1340 2872 beruht
1366 2839 1461 2871 wohl
1481 2839 1620 2881 darauf,
1640 2839 1725 2871 dass

182 2896 241 2928 bei
273 2896 343 2928 den
374 2897 534 2929 Romern
566 2899 659 2931 alter
691 2897 772 2930 Zeit
803 2898 1145 2939 langausgedehnte
1178 2899 1407 2931 Friihstiicke
1442 2898 1722 2940 ungewohnlich

1494 2958 1513 2989 3
