2030 3266
930 257 1193 295 —4-

291 379 577 421 abundantem
620 376 774 425 cotidie
816 389 840 417 a
871 388 994 417 mane
1027 375 1079 416 ad
1111 386 1336 426 vesperum
1369 380 1441 414 aut
1477 372 1729 421 „fodientem
1763 380 1834 413 aut

287 456 479 491 arantem
524 454 595 490 aut
639 447 797 498 aliquid
840 446 1050 488 ferentem
1094 443 1209 498 (69)·6
1260 443 1439 495 viderit,
1488 443 1664 495 proinde
1709 455 1757 483 ac
1799 443 1834 483 si

287 520 422 562 servis
461 520 627 561 omnino
670 516 890 570 care1·et¹).
953 516 1036 558 Sed
1073 520 1216 556 tamen
1255 527 1316 566 eo,
1360 526 1610 565 quamquam
1643 518 1835 563 quartum

286 593 371 632 iam
416 603 604 632 mensem
649 589 816 631 vicinus
858 593 925 629 est
968 584 1103 639 (118),
1148 591 1195 626 ut
1235 585 1445 626 hominum
1491 583 1835 626 consuetudinem

286 662 481 715 fugiente
523 659 792 702 familiariter
834 657 1017 699 nondum
1061 668 1162 697 usus
1201 660 1276 696 est.
1339 655 1430 696 Hoc
1461 667 1562 697 vero
1595 654 1663 695 die
1694 653 1837 695 facere

287 745 371 773 non
415 736 570 783 potest,
614 731 714 782 quin
758 741 809 771 ex
853 740 900 770 eo
945 732 1133 779 quaerat,
1177 738 1258 777 qua
1293 726 1345 767 de
1377 738 1505 767 causa
1537 738 1583 767 se
1615 729 1836 776 tantopere

289 806 498 845 exerceat.
560 801 641 842 Ille
679 804 833 852 autem,
877 810 1130 849 quamquam
1175 796 1359 848 primum
1400 796 1568 847 quidem
1601 795 1837 836 Chremetis

288 875 419 915 verba
463 871 786 914 benevolentiae
830 870 955 921 plena
999 869 1102 909 dure
1144 867 1363 919 repudiat,
1416 871 1558 908 tamen
1600 878 1703 908 vera
1747 866 1836 907 eius

288 943 577 985 misericordia
610 954 706 983 mox
733 941 837 982 adeo
861 943 1161 991 commovetur,
1194 941 1241 979 ut
1262 938 1406 978 multis
1428 950 1519 979 cum
1543 937 1727 978 lacrimis
1749 935 1837 989 (84)

289 1028 337 1056 ea
383 1026 557 1055 narrare
600 1012 788 1063 incipiat,
834 1022 941 1062 quae
975 1009 1112 1051 adhuc
1145 1021 1237 1050 cum
1268 1008 1383 1049 nullo
1416 1008 1581 1049 mortali
1615 1008 1838 1049 communi—

287 1086 412 1127 cavit.
475 1084 590 1125 Dicit
623 1083 734 1124 enim
765 1081 898 1122 filium
931 1093 1064 1132 suum,
1109 1080 1184 1130 qui
1216 1079 1403 1131 puellam
1434 1090 1664 1130 pauperem
1698 1078 1840 1119 (orin-

283 1157 419 1197 thiam
444 1154 609 1207 perdite
631 1153 851 1204 amaverit,
875 1151 1114 1203 opprobriis
1133 1151 1221 1192 suis
1240 1150 1395 1192 victum
1418 1150 1601 1201 patriam
1618 1148 1838 1201 fug-isse2)‚

289 1227 406 1268 cuius
440 1225 623 1266 duritiae
656 1235 750 1265 sese
783 1228 1008 1274 tantopere
1040 1221 1271 1273 paeniteat,
1305 1227 1352 1261 ut
1384 1232 1486 1272 agro
1514 1219 1732 1270 colendo³³j
1756 1220 1837 1260 iam

407 1378 431 1410 'l
459 1376 650 1418 Scriptura
683 1375 821 1407 tradita
846 1375 907 1413 (64
934 1385 987 1416 sq.
1017 1373 1230 1415 „Meliorem
1262 1383 1393 1413 agrum
1426 1382 1545 1412 neque
1571 1371 1667 1414 preti
1691 1371 1840 1403 maioris

289 1447 393 1469 nemo
414 1437 524 1468 habet
534 1438 555 1477 3)
575 1435 708 1467 Servos
730 1434 957 1476 complures²‘
980 1434 1042 1474 (sc.
1062 1433 1189 1473 habes,
1214 1432 1259 1465 cf.
1277 1432 1454 1472 Wagner,
1473 1431 1586 1463 Haut.
1614 1430 1698 1463 edit.
1720 1431 1839 1462 Berol.

292 1496 379 1527 1872
419 1495 464 1527 ad
490 1495 524 1527 11.
551 1505 584 1527 v.
616 1493 706 1534 „Die
731 1493 956 1534 Erganzung
990 1492 1039 1523 ist
1072 1496 1183 1523 etwas
1209 1491 1304 1531 hart,
1339 1489 1433 1522 doch
1464 1489 1568 1521 nicht
1599 1501 1645 1521 zu
1671 1490 1755 1521 hart
1781 1489 1840 1520 fur

289 1555 345 1586 die
372 1553 770 1595 Uingangssprache“)‚
798 1562 908 1593 quam
935 1550 1125 1583 Bentleius
1151 1549 1310 1581 mutavit
1336 1549 1373 1580 in
1396 1549 1551 1589 „Servos
1580 1559 1653 1580 non
1678 1549 1839 1590 plures&

289 1614 373 1653 Leo⁷
402 1613 551 1652 Quaest.
571 1613 694 1644 Plaut.
713 1622 746 1653 p.
761 1611 806 1642 89
834 1621 891 1642 an.
910 1610 948 1641 in
977 1609 1075 1649 „Nec
1101 1619 1228 1641 servos
1254 1609 1414 1651 plures⁴‘.
1435 1612 1587 1650 propter
1604 1608 1695 1638 haec
1714 1606 1838 1638 Mene-

291 1672 385 1704 demi
423 1671 540 1713 ipsius
568 1671 679 1702 verba
712 1670 894 1702 servanda
928 1674 984 1700 est
1016 1668 1098 1711 (142
1127 1669 1235 1709 sqq.):
1274 1666 1471 1708 „Ancillas,
1506 1676 1644 1706 servos,
1671 1665 1742 1697 nisi
1767 1675 1841 1706 eos,

291 1731 352 1773 qui
391 1741 500 1772 opere
533 1729 672 1760 rustico
704 1730 707 1770 1
737 1728 910 1760 faciundo
946 1727 1053 1759 facile
1089 1732 1278 1768 sumptum
1310 1724 1515 1758 exercitent
1548 1735 1664 1765 suom,
1688 1725 1692 1764 Ι
1716 1735 1842 1756 omnes

289 1789 445 1831 produxi
472 1800 513 1820 ac
540 1787 718 1820 vendidi.“

411 1848 581 1880 Ceterum
608 1848 677 1879 1100
704 1848 785 1878 1000
813 1846 1062 1887 fragmentum
1090 1845 1291 1876 secundum
1319 1845 1399 1885 (141
1427 1844 1478 1886 K)
1507 1841 1702 1888 „llorrpo'm
1731 1848 1838 1887 θερα-

292 1921 434 1953 παινας,
463 1904 728 1952 α’ργι-ρω’“ιι(ιτ(ιδέ
751 1910 808 1937 est
835 1905 1072 1945 afferendum,
1100 1914 1194 1944 quae
1218 1904 1331 1935 verba
1357 1914 1378 1935 a
1402 1903 1506 1934 nullo
1533 1913 1607 1934 non
1631 1902 1843 1934 referuntur

291 1966 337 1998 ad
354 1967 444 1998 haec
463 1965 684 1997 Terentiana
708 1965 789 2005 (130
809 1965 893 2006 sq.):
919 1963 1106 2002 „Ancillae
1127 1966 1184 1994 tot
1201 1973 1257 1994 me
1277 1962 1463 1994 vestiant?
1501 1961 1678 2003 Sumptus
1697 1960 1795 1992 domi
1818 1961 1820 1998 1

292 2030 414 2057 tantos
448 2035 514 2062 ego
549 2025 650 2057 solus
681 2023 859 2056 faciani?“
920 2023 1052 2064 Itaque
1085 2026 1127 2054 ut
1160 2021 1278 2063 primo
1304 2022 1513 2062 fragmento
1548 2020 1656 2051 modo
1682 2023 1842 2051 tractato

291 2084 342 2115 ita
377 2085 447 2115 hoc
475 2083 688 2115 Terentium
715 2081 940 2124 colloquium
965 2081 1058 2113 illud
1085 2080 1289 2112 Chremetis
1323 2091 1406 2112 cum
1433 2079 1647 2111 Menedemo
1674 2078 1841 2110 habitum

294 2144 329 2174 in
358 2142 570 2174 universum
599 2141 745 2183 quidem
770 2151 867 2173 mere
895 2139 1131 2172 transtulisse
1159 2139 1407 2172 confirmatur.

411 2213 435 2248 ²)
462 2213 565 2244 Duae
601 2217 687 2243 sunt
721 2222 864 2251 causae,
901 2222 964 2243 cur
998 2211 1236 2243 Menedemus
1268 2209 1385 2241 filium
1418 2214 1603 2241 amantem
1634 2214 1709 2241 tam
1734 2209 1841 2240 vehe-

292 2280 434 2304 menter
460 2270 693 2313 increpuerit.
732 2271 898 2302 Primum
925 2269 1021 2302 enim
1047 2269 1182 2310 timuit,
1209 2279 1254 2300 ne
1280 2269 1380 2300 filius
1407 2267 1544 2300 amicae
1570 2273 1645 2299 tam
1670 2266 1842 2309 pauperis

293 2330 558 2363 consuetudine
591 2340 682 2361 usus
715 2340 792 2361 rem
825 2340 929 2360 suam
963 2328 1181 2360 familiarem
1207 2334 1439 2359 consumeret
1467 2326 1524 2369 (cf.
1551 2325 1742 2366 Dziatsz
1768 2325 1843 2357 Der

293 2390 418 2422 Inhalt
450 2389 513 2422 des
540 2389 708 2429 Georgos
743 2398 815 2419 von
841 2387 1044 2420 Menander
1068 2387 1106 2419 in
1138 2387 1233 2419 Mus.
1266 2387 1385 2419 Rhen.
1412 2385 1493 2418 LH'
1526 2385 1646 2427 (1899)
1678 2395 1712 2426 p.
1749 2384 1841 2425 504).

293 2457 382 2489 tum.
409 2459 454 2481 ne
482 2448 590 2489 filius,
618 2447 681 2489 qui
707 2447 939 2489 peregrinam
964 2446 1065 2479 illam
1092 2446 1409 2479 adulescentulam
1434 2445 1587 2477 haberet
1611 2454 1745 2486 „prope
1769 2443 1842 2475 iam

291 2511 331 2542 in
369 2507 495 2540 uxoris
529 2509 609 2539 loco
643 2506 775 2549 (104)“‚
808 2506 831 2537 i.
858 2516 887 2538 e.
920 2506 992 2538 iam
1025 2510 1115 2537 tunc
1146 2515 1261 2547 prope
1293 2503 1542 2537 concubinatu
1571 2514 1653 2535 cum
1680 2513 1722 2535 ea
1747 2509 1844 2534 esset

293 2567 511 2599 coniunctus
543 2567 605 2608 (cf.
633 2565 802 2606 Diatzko,
836 2565 858 2596 1.
886 2576 913 2596 S.
940 2576 974 2607 p.
1002 2565 1068 2596 513
1103 2575 1159 2596 an.
1188 2565 1233 2606 3),
1269 2564 1368 2596 haud
1400 2562 1508 2595 facile
1541 2567 1666 2605 posset
1701 2561 1843 2602 adduci,

294 2633 335 2658 ut
371 2626 490 2658 amica
524 2624 694 2657 abdicata
719 2623 901 2665 virginem
927 2622 1193 2655 Atheniensem
1226 2622 1248 2654 i.
1275 2633 1304 2655 e.
1331 2622 1485 2655 divitem
1509 2621 1547 2653 in
1572 2620 1843 2652 matrimonium

294 2685 453 2717 duceret.

411 2755 438 2796 3)
464 2752 784 2794 W'ilamowitzius⁷
820 2753 896 2785 Der
921 2752 1138 2785 Landmann
1165 2752 1228 2784 des
1254 2751 1478 2783 Menandros
1504 2752 1527 2783 l.
1555 2761 1582 2781 S.
1609 2760 1643 2792 p.
1671 2750 1738 2781 521
1764 2749 1844 2781 iure

294 2820 428 2854 monet,
465 2824 574 2854 quam
601 2823 711 2854 aegre
736 2813 846 2844 homo
872 2822 958 2844 vere
983 2810 1222 2843 Atheniensis
1249 2815 1390 2842 rastros
1417 2808 1616 2851 sumpserit
1642 2808 1703 2851 (cf.
1729 2805 1843 2841 Haut.

293 2872 360 2904 931
385 2871 457 2912 „Mi
482 2871 589 2904 illaec
609 2882 695 2904 vero
723 2871 769 2903 ad
793 2875 935 2903 rastros
962 2881 1020 2902 res
1046 2870 1160 2902 redit“
1191 2875 1227 2901 et
1253 2869 1387 2909 Georg.
1412 2869 1458 2900 So
1485 2878 1563 2909 sqq.
1589 2867 1845 2909 (Kretschmar
