2030 3266
907 278 1190 318 „26-

273 393 355 434 iam
395 398 491 435 stet.
555 394 669 437 Satis
706 395 840 447 igitur
865 408 1008 449 aegre
1040 396 1136 449 fert,
1178 397 1286 448 quod
1319 398 1447 439 etiam
1479 399 1726 451 generisibi
1757 411 1821 441 re-

275 463 502 514 periendus
535 465 603 518 sit,
637 466 702 508 cui
737 468 845 508 bona
877 479 953 508 sua
986 467 1109 520 det1).

393 545 457 587 Sc.
475 547 535 587 IV
553 546 828 600 (842—873).
861 549 1006 600 Neque
1028 562 1129 591 vero
1153 550 1284 602 Syrus
1312 563 1405 592 cum
1430 551 1669 603 Clitiphone
1697 551 1820 599 redit,

275 616 349 657 sed
369 617 641 659 Menedemus
666 619 937 673 conspicitur,
963 621 1032 671 qui
1051 621 1177 662 etiam
1196 620 1295 661 (lum
1313 621 1572 673 egreditur'2)
1594 621 1693 672 filio,
1712 621 1819 673 quod

274 687 572 741 resipiverit3),
624 689 884 732 laetissimus
937 691 1195 743 gratulatur,
1255 703 1348 732 cum
1399 692 1656 734 Bacchidem
1706 692 1819 732 illam

277 760 687 809 sumptuosissimam
719 761 910 812 profecto
942 760 1194 813 Clitiphonis
1233 773 1328 802 esse
1361 762 1539 803 amicam
1578 762 1698 803 modo
1730 763 1822 814 ipse

277 830 534 881 cognoverit.
596 830 746 882 Itaque
793 831 979 872 libenter
1020 831 1103 872 iam
1148 844 1172 872 a
1214 831 1440 873 Chremete
1481 833 1603 885 petit,
1651 838 1697 873 ut
1737 832 1823 873 filio

277 900 541 951 Antiphilam
584 901 705 942 modo
747 902 965 943 inventam
1010 901 1053 942 in
1093 902 1406 943 matrimonium
1450 902 1532 944 det.
1602 903 1682 944 Ille
1723 915 1823 944 vero

277 982 369 1011 cum
409 971 468 1011 nil
507 971 575 1023 agi
615 972 695 1012 sibi
738 972 1001 1023 persuaserit
1039 972 1122 1013 nisi
1164 971 1259 1024 Syri
1297 972 1530 1025 fallaciam,
1573 973 1641 1015 his
1680 973 1824 1015 verbis

421 1135 447 1177 ¹)
474 1135 545 1167 Hic
579 1136 673 1167 alter
705 1139 761 1167 est
791 1136 906 1177 locus,
940 1145 1012 1176 quo
1044 1135 1245 1168 Roetterus
1281 1136 1303 1167 l.
1339 1145 1366 1167 s.
1393 1146 1427 1177 p.
1462 1136 1503 1166 11
1539 1135 1723 1169 Chremeti
1755 1136 1825 1168 sibi

278 1193 393 1225 filium
408 1204 488 1226 esse
506 1193 543 1225 in
563 1193 724 1226 animum
743 1205 817 1226 non
831 1194 956 1226 venire
971 1198 1089 1237 putat,
1105 1205 1188 1227 cum
1208 1194 1368 1236 aliquem
1387 1199 1551 1236 quaerat,
1567 1194 1626 1226 cui
1644 1195 1740 1227 bona
1758 1206 1826 1228 sua

279 1252 348 1285 det.
393 1252 463 1284 Sed
494 1257 642 1294 poetam
677 1253 763 1286 data
789 1264 901 1296 opera
934 1253 1031 1285 senis
1066 1253 1167 1296 parci
1200 1264 1321 1285 mores
1361 1253 1624 1293 demonstrare,
1662 1253 1721 1285 cui
1758 1254 1824 1286 dos

279 1311 398 1343 danda
416 1316 491 1343 tam
506 1312 662 1344 molesta
680 1312 738 1353 sit,
754 1316 795 1344 ut
813 1316 930 1344 totam
946 1323 1023 1344 rem
1041 1312 1259 1344 familiarem
1278 1311 1446 1344 amittere
1465 1311 1591 1344 statim
1609 1323 1647 1344 se
1667 1318 1824 1353 censeat,

279 1370 447 1411 pluribus
474 1381 655 1413 exponere
681 1382 755 1402 non
782 1375 939 1413 oportet.

420 1447 447 1489 2)
474 1447 553 1480 Usu
579 1447 734 1480 solemni
760 1447 796 1479 in
822 1458 919 1480 nova
945 1447 1133 1480 comoedia
1157 1458 1336 1490 personas
1362 1448 1399 1480 in
1420 1448 1543 1480 limine
1571 1447 1716 1480 aedium
1742 1458 1826 1479 con-

281 1505 453 1538 sistentes
469 1517 552 1538 cum
569 1506 840 1549 spectatoribus
855 1517 897 1539 ea
912 1506 1192 1548 communicare,
1208 1517 1302 1549 quae
1316 1506 1417 1539 intus
1432 1507 1526 1538 fiunt
1540 1507 1599 1539 vel
1614 1506 1713 1539 facta
1728 1511 1825 1548 sunt,

281 1565 371 1597 satis
387 1571 442 1597 est
455 1570 595 1598 notum.
611 1566 722 1599 Velut
733 1577 777 1598 ex
787 1565 844 1597 his
859 1565 1065 1598 Menedemi
1079 1566 1202 1598 verbis
1218 1577 1301 1598 cum
1316 1566 1391 1598 filio
1408 1565 1518 1598 factis
1533 1565 1826 1598 concludendum

282 1629 337 1656 est
365 1624 610 1667 Clitiphonem
637 1624 699 1657 vix
725 1625 874 1657 domum
899 1625 1109 1666 ingressum
1136 1625 1295 1657 maxima
1321 1636 1404 1657 cum
1423 1625 1625 1668 cupiditate
1644 1624 1827 1656 Bacchide

282 1693 361 1715 esse
388 1683 564 1725 potitum3
592 1685 708 1716 altera
726 1684 873 1716 fabulae
895 1695 1029 1716 scaena
1046 1684 1197 1716 ineunte
1216 1689 1444 1726 spectatores
1463 1683 1685 1726 Clitiphonis
1705 1683 1827 1716 verbis

283 1742 418 1774 auditis
453 1742 527 1774 his:
565 1743 648 1782 „Nil
682 1749 749 1785 est,
784 1743 882 1785 quod
914 1753 1074 1783 vereare,
1111 1743 1249 1775 Clinia“
1284 1742 1489 1776 Menedemi
1520 1742 1637 1774 filium
1670 1753 1714 1774 ex
1739 1741 1829 1774 Asia

282 1801 452 1834 reducem
479 1802 577 1844 apud
604 1800 834 1834 Chremetem
861 1802 1062 1834 devertisse
1089 1802 1215 1834 statim
1233 1802 1367 1841 sciunt,
1386 1812 1469 1834 cum
1487 1801 1519 1833 ei
1539 1801 1678 1833 Cliniae
1696 1811 1829 1833 nomen

284 1871 362 1893 esse
397 1866 507 1903 poeta
547 1866 655 1893 antea
694 1861 784 1893 scite
822 1860 1042 1893 indicaverit
1079 1861 1195 1894 hisce:
1231 1861 1313 1901 „Me
1345 1861 1508 1902 ignoras,
1541 1859 1659 1892 Clinia
1690 1860 1827 1902 (105)“;

284 1920 379 1952 infra
414 1920 482 1952 879
519 1931 596 1962 sqq.
649 1920 823 1953 Chremes
856 1920 983 1952 uxoris
1016 1920 1300 1962 reprehensione
1333 1919 1456 1962 prodit
1488 1930 1566 1951 eam
1600 1929 1830 1961 summopere

285 1980 456 2021 gaudere,
493 1980 591 2021 quod
625 1979 701 2013 filia
725 1979 878 2011 inventa
904 1980 962 2011 sit.
1013 1980 1150 2012 Poetas
1177 1983 1300 2011 autem
1327 1980 1422 2011 hanc
1448 1977 1623 2010 narrandi
1648 1977 1830 2010 rationem

285 2049 357 2070 non
383 2038 520 2079 ubique
547 2050 629 2070 cum
655 2038 733 2070 vita
759 2038 946 2071 cotidiana
972 2049 1175 2079 congruere
1201 2049 1275 2070 non
1306 2037 1511 2079 ignorasse,
1537 2037 1745 2069 luculenter
1772 2047 1830 2067 co-

285 2097 476 2138 gnoscitur
495 2108 538 2129 ex
556 2097 650 2129 And.
669 2098 738 2130 490
759 2108 831 2140 sq.:
862 2098 967 2137 „Non
993 2097 1199 2140 imperabat
1226 2108 1360 2138 coram,
1379 2096 1468 2138 quid
1487 2106 1581 2138 opus
1608 2096 1706 2128 facto
1734 2100 1833 2127 esset

285 2167 498 2199 puerperae,
523 2161 526 2198 Ι
550 2157 614 2188 sed
639 2162 838 2198 postquam
866 2161 1062 2196 egressast,
1081 2156 1154 2188 illis
1174 2167 1268 2198 quae
1287 2161 1374 2188 sunt
1392 2156 1504 2196 intus,
1525 2155 1659 2187 clamat
1677 2155 1720 2186 de
1738 2154 1829 2187 via.“

425 2232 454 2276 3)
480 2233 680 2265 Roetterus
712 2234 734 2266 l.
769 2244 796 2267 s,
822 2244 857 2276 p.
886 2234 928 2264 12
961 2233 1077 2264 filium
1110 2232 1283 2275 resipisse
1318 2232 1534 2264 Menedemo
1569 2231 1689 2263 dicere
1723 2230 1833 2263 licere

285 2297 407 2334 negat,
441 2304 523 2324 cum
558 2294 588 2324 is
621 2293 723 2324 solus
757 2291 977 2335 resipiverit‚
1017 2291 1102 2334 „qui
1134 2303 1177 2324 ex
1211 2291 1335 2323 subita
1361 2291 1485 2333 aliqua
1519 2290 1663 2322 insania
1688 2289 1832 2331 amoris,

287 2351 513 2394 cupiditatis,
540 2351 703 2383 libidinis
731 2352 775 2383 ad
800 2351 998 2394 pristinum
1024 2350 1213 2392 ingenium
1239 2350 1375 2390 redeat,
1402 2349 1455 2382 ita
1480 2353 1522 2381 ut
1540 2352 1719 2391 quantum
1736 2347 1774 2379 in
1795 2357 1833 2380 se

286 2411 476 2443 admiserit
508 2410 650 2452 flagitii,
684 2421 766 2442 cum
803 2411 929 2442 dolore
962 2413 1197 2451 cognoscaffl.
1250 2409 1352 2448 Quae
1386 2407 1643 2450 interpretatio
1677 2417 1764 2439 sane
1795 2406 1833 2438 in

287 2470 441 2502 Cliniam
475 2480 549 2501 non
575 2469 684 2511 cadit,
719 2469 854 2512 quippe
891 2469 953 2511 qui
989 2479 1087 2501 nunc
1120 2468 1230 2501 etiam
1260 2467 1491 2510 Antiphilam
1522 2471 1630 2498 amet.
1683 2467 1734 2497 At
1759 2476 1833 2497 non

286 2529 399 2561 sentit
435 2530 647 2571 Roettcrus,
687 2539 798 2571 quam
836 2528 955 2571 lepide
993 2533 1105 2570 poeta
1142 2527 1254 2559 huius
1293 2526 1396 2559 verbi
1435 2535 1583 2557 sensum
1624 2523 1833 2558 variaverit.

289 2589 461 2621 Chremes
495 2587 591 2620 enim
619 2599 702 2619 cum
729 2586 934 2619 Menedemi
960 2586 1083 2619 verbis
1117 2585 1253 2618 auditis
1280 2585 1369 2617 dicit
1405 2585 1477 2628 „Ut
1509 2584 1660 2624 errat!“‚
1686 2583 1740 2615 ita
1765 2583 1835 2615 hoc

288 2648 439 2679 verbum
459 2646 594 2689 excipit
612 2651 654 2678 ut
671 2647 872 2679 Roetterus
893 2646 984 2688 ipse,
1003 2645 1251 2686 Menedemus,
1273 2644 1337 2687 qui
1355 2643 1430 2676 filio
1449 2641 1616 2675 narranti
1631 2642 1833 2684 mulierem,

288 2718 398 2748 quam
433 2717 556 2738 secum
590 2706 711 2747 ducat,
744 2716 819 2737 non
852 2716 955 2737 suam
989 2715 1068 2737 esse
1101 2703 1256 2737 amicam
1281 2703 1389 2735 fidem
1416 2713 1489 2734 non
1515 2701 1698 2733 habuerat
1722 2700 1834 2733 vicini

288 2765 410 2797 verbis
450 2766 586 2806 fretus,
624 2776 723 2797 nunc
757 2775 796 2796 se
827 2768 927 2796 certo
961 2764 1033 2796 iam
1062 2763 1155 2796 scire
1187 2773 1266 2795 eam
1299 2773 1338 2795 re
1368 2772 1456 2794 vera
1489 2759 1710 2802 Clitiphonis
1742 2770 1834 2802 esse,
1865 2791 1871 2794 .

290 2824 423 2867 quippe
467 2835 573 2866 quem
617 2824 726 2855 modo
769 2822 1003 2865 cupidissime
1043 2833 1085 2855 ea
1122 2821 1324 2864 potientem
1362 2819 1511 2860 viderit,
1554 2818 1681 2851 eodem
1722 2819 1834 2850 verbo

288 2884 436 2916 indicat.
