<?xml version="1.0" encoding="UTF-8"?>
<!DOCTYPE html PUBLIC "-//W3C//DTD XHTML 1.0 Transitional//EN"
    "http://www.w3.org/TR/xhtml1/DTD/xhtml1-transitional.dtd">
<html xmlns="http://www.w3.org/1999/xhtml" xml:lang="en" lang="en">
 <head>
  <title>
</title>
<meta http-equiv="Content-Type" content="text/html;charset=utf-8" />
  <meta name='ocr-system' content='tesseract 3.04.00' />
  <meta name='ocr-capabilities' content='ocr_page ocr_carea ocr_par ocr_line ocrx_word'/>
</head>
<body>
  <div class='ocr_page' id='page_1' title='image "./dehautontimorume00khuoft_0024.png"; bbox 0 0 2030 3266; ppageno 0'>
   <div class='ocr_carea' id='block_1_1' title="bbox 922 256 1208 294">
    <p class='ocr_par' dir='ltr' id='par_1_1' title="bbox 922 256 1208 294">
     <span class='ocr_line' id='line_1_1' title="bbox 922 256 1208 294; baseline -0.01 0"><span class='ocrx_word' id='word_1_1' title='bbox 922 281 965 283; x_wconf 97' lang='lat'><strong>—</strong></span> <span class='ocrx_word' id='word_1_2' title='bbox 1042 256 1208 294; x_wconf 71' lang='lat'>16—</span> 
     </span>
    </p>
   </div>
   <div class='ocr_carea' id='block_1_2' title="bbox 298 369 1851 916">
    <p class='ocr_par' dir='ltr' id='par_1_2' title="bbox 298 369 1851 916">
     <span class='ocr_line' id='line_1_2' title="bbox 299 369 1846 429; baseline -0.003 -11"><span class='ocrx_word' id='word_1_3' title='bbox 299 389 374 429; x_wconf 87' lang='lat' dir='ltr'>per</span> <span class='ocrx_word' id='word_1_4' title='bbox 407 377 521 418; x_wconf 85' lang='lat' dir='ltr'>servi</span> <span class='ocrx_word' id='word_1_5' title='bbox 553 375 747 417; x_wconf 72' lang='lat' dir='ltr'>fraudem</span> <span class='ocrx_word' id='word_1_6' title='bbox 779 378 1002 426; x_wconf 81' lang='lat' dir='ltr'>argentum</span> <span class='ocrx_word' id='word_1_7' title='bbox 1026 371 1078 412; x_wconf 88' lang='lat' dir='ltr'>ad</span> <span class='ocrx_word' id='word_1_8' title='bbox 1102 369 1339 412; x_wconf 85' lang='lat' dir='ltr'>meretricis</span> <span class='ocrx_word' id='word_1_9' title='bbox 1361 374 1552 420; x_wconf 85' lang='lat' dir='ltr'>sumptus</span> <span class='ocrx_word' id='word_1_10' title='bbox 1575 372 1846 413; x_wconf 88' lang='lat' dir='ltr'>sustinendos</span> 
     </span>
     <span class='ocr_line' id='line_1_3' title="bbox 298 439 1846 496; baseline -0.004 -7"><span class='ocrx_word' id='word_1_11' title='bbox 298 447 583 489; x_wconf 83' lang='lat' dir='ltr'>necessarium</span> <span class='ocrx_word' id='word_1_12' title='bbox 629 446 709 488; x_wconf 84' lang='lat' dir='ltr'>sibi</span> <span class='ocrx_word' id='word_1_13' title='bbox 752 445 859 496; x_wconf 82' lang='lat' dir='ltr'>eripi</span> <span class='ocrx_word' id='word_1_14' title='bbox 898 444 1010 485; x_wconf 88' lang='lat' dir='ltr'>sinat</span> <span class='ocrx_word' id='word_1_15' title='bbox 1044 440 1148 494; x_wconf 75' lang='lat'>(470</span> <span class='ocrx_word' id='word_1_16' title='bbox 1180 439 1298 493; x_wconf 77' lang='lat' dir='ltr'>sqq).</span> <span class='ocrx_word' id='word_1_17' title='bbox 1350 441 1494 492; x_wconf 81' lang='lat' dir='ltr'>Aegre</span> <span class='ocrx_word' id='word_1_18' title='bbox 1526 444 1666 482; x_wconf 87' lang='lat' dir='ltr'>autem</span> <span class='ocrx_word' id='word_1_19' title='bbox 1702 442 1846 484; x_wconf 89' lang='lat' dir='ltr'>Mene-</span> 
     </span>
     <span class='ocr_line' id='line_1_4' title="bbox 300 510 1847 564; baseline -0.005 -5"><span class='ocrx_word' id='word_1_20' title='bbox 300 519 445 560; x_wconf 80' lang='lat' dir='ltr'>demus</span> <span class='ocrx_word' id='word_1_21' title='bbox 478 530 531 559; x_wconf 92' lang='lat' dir='ltr'>ne</span> <span class='ocrx_word' id='word_1_22' title='bbox 564 517 708 558; x_wconf 87' lang='lat' dir='ltr'>statim</span> <span class='ocrx_word' id='word_1_23' title='bbox 739 516 791 556; x_wconf 86' lang='lat' dir='ltr'>ad</span> <span class='ocrx_word' id='word_1_24' title='bbox 813 515 944 555; x_wconf 87' lang='lat' dir='ltr'>filium</span> <span class='ocrx_word' id='word_1_25' title='bbox 968 510 1329 563; x_wconf 82' lang='lat' dir='ltr'>complectendum</span> <span class='ocrx_word' id='word_1_26' title='bbox 1352 512 1594 564; x_wconf 79' lang='lat' dir='ltr'>contendat,</span> <span class='ocrx_word' id='word_1_27' title='bbox 1626 513 1847 555; x_wconf 80' lang='lat' dir='ltr'>retinetur.</span> 
     </span>
     <span class='ocr_line' id='line_1_5' title="bbox 301 582 1848 636; baseline -0.003 -6"><span class='ocrx_word' id='word_1_28' title='bbox 301 591 357 631; x_wconf 77' lang='lat' dir='ltr'>At</span> <span class='ocrx_word' id='word_1_29' title='bbox 395 589 475 630; x_wconf 87' lang='lat' dir='ltr'>cito</span> <span class='ocrx_word' id='word_1_30' title='bbox 507 588 599 629; x_wconf 78' lang='lat' dir='ltr'>vult</span> <span class='ocrx_word' id='word_1_31' title='bbox 636 586 779 636; x_wconf 56' lang='grc'><strong>1311111.</strong></span> <span class='ocrx_word' id='word_1_32' title='bbox 843 584 924 625; x_wconf 80' lang='lat' dir='ltr'>Sed</span> <span class='ocrx_word' id='word_1_33' title='bbox 959 584 1177 634; x_wconf 69' lang='lat' dir='ltr'>Chremes,</span> <span class='ocrx_word' id='word_1_34' title='bbox 1220 582 1290 633; x_wconf 84' lang='lat' dir='ltr'>qui</span> <span class='ocrx_word' id='word_1_35' title='bbox 1332 593 1378 623; x_wconf 92' lang='lat' dir='ltr'>se</span> <span class='ocrx_word' id='word_1_36' title='bbox 1409 585 1543 623; x_wconf 88' lang='lat' dir='ltr'>totam</span> <span class='ocrx_word' id='word_1_37' title='bbox 1574 595 1650 633; x_wconf 90' lang='lat' dir='ltr'>per</span> <span class='ocrx_word' id='word_1_38' title='bbox 1680 587 1848 625; x_wconf 88' lang='lat' dir='ltr'>noctem</span> 
     </span>
     <span class='ocr_line' id='line_1_6' title="bbox 302 652 1847 706; baseline -0.005 -5"><span class='ocrx_word' id='word_1_39' title='bbox 302 660 352 701; x_wconf 84' lang='lat' dir='ltr'>de</span> <span class='ocrx_word' id='word_1_40' title='bbox 385 659 525 700; x_wconf 89' lang='lat' dir='ltr'>nimiis</span> <span class='ocrx_word' id='word_1_41' title='bbox 548 658 709 699; x_wconf 80' lang='lat' dir='ltr'>Cliniae</span> <span class='ocrx_word' id='word_1_42' title='bbox 742 655 979 706; x_wconf 83' lang='lat' dir='ltr'>sumptibus</span> <span class='ocrx_word' id='word_1_43' title='bbox 1010 652 1198 695; x_wconf 83' lang='lat' dir='ltr'>vitandis</span> <span class='ocrx_word' id='word_1_44' title='bbox 1231 664 1374 694; x_wconf 89' lang='lat' dir='ltr'>secum</span> <span class='ocrx_word' id='word_1_45' title='bbox 1406 658 1630 703; x_wconf 83' lang='lat' dir='ltr'>reputasse</span> <span class='ocrx_word' id='word_1_46' title='bbox 1642 652 1671 704; x_wconf 68' lang='lat'>2)</span> <span class='ocrx_word' id='word_1_47' title='bbox 1705 654 1847 696; x_wconf 87' lang='lat' dir='ltr'>vicino</span> 
     </span>
     <span class='ocr_line' id='line_1_7' title="bbox 304 722 1850 781; baseline -0.004 -10"><span class='ocrx_word' id='word_1_48' title='bbox 304 730 422 781; x_wconf 78' lang='lat' dir='ltr'>dixit,</span> <span class='ocrx_word' id='word_1_49' title='bbox 456 741 580 780; x_wconf 89' lang='lat' dir='ltr'>nunc,</span> <span class='ocrx_word' id='word_1_50' title='bbox 613 732 659 768; x_wconf 90' lang='lat' dir='ltr'>ut</span> <span class='ocrx_word' id='word_1_51' title='bbox 690 727 799 767; x_wconf 86' lang='lat' dir='ltr'>hanc</span> <span class='ocrx_word' id='word_1_52' title='bbox 831 737 934 776; x_wconf 89' lang='lat' dir='ltr'>rem,</span> <span class='ocrx_word' id='word_1_53' title='bbox 966 724 991 765; x_wconf 90' lang='lat' dir='ltr'>i.</span> <span class='ocrx_word' id='word_1_54' title='bbox 1024 736 1058 766; x_wconf 91' lang='lat' dir='ltr'>e.</span> <span class='ocrx_word' id='word_1_55' title='bbox 1092 723 1273 765; x_wconf 89' lang='lat' dir='ltr'>alienam</span> <span class='ocrx_word' id='word_1_56' title='bbox 1306 722 1512 775; x_wconf 86' lang='lat' dir='ltr'>perficiat,</span> <span class='ocrx_word' id='word_1_57' title='bbox 1546 724 1679 766; x_wconf 87' lang='lat' dir='ltr'>altero</span> <span class='ocrx_word' id='word_1_58' title='bbox 1712 724 1850 766; x_wconf 83' lang='lat' dir='ltr'>officio</span> 
     </span>
     <span class='ocr_line' id='line_1_8' title="bbox 303 793 1850 848; baseline -0.004 -6"><span class='ocrx_word' id='word_1_59' title='bbox 303 801 440 842; x_wconf 86' lang='lat' dir='ltr'>alieno</span> <span class='ocrx_word' id='word_1_60' title='bbox 477 800 662 841; x_wconf 83' lang='lat' dir='ltr'>liberare</span> <span class='ocrx_word' id='word_1_61' title='bbox 703 809 748 838; x_wconf 85' lang='lat' dir='ltr'>se</span> <span class='ocrx_word' id='word_1_62' title='bbox 788 796 929 848; x_wconf 81' lang='lat' dir='ltr'>debet,</span> <span class='ocrx_word' id='word_1_63' title='bbox 968 807 1061 836; x_wconf 92' lang='lat' dir='ltr'>cum</span> <span class='ocrx_word' id='word_1_64' title='bbox 1095 793 1207 835; x_wconf 84' lang='lat' dir='ltr'>Simo</span> <span class='ocrx_word' id='word_1_65' title='bbox 1247 797 1290 835; x_wconf 90' lang='lat' dir='ltr'>et</span> <span class='ocrx_word' id='word_1_66' title='bbox 1323 793 1484 835; x_wconf 80' lang='lat' dir='ltr'>Critoni</span> <span class='ocrx_word' id='word_1_67' title='bbox 1516 795 1668 836; x_wconf 90' lang='lat' dir='ltr'>vicinis</span> <span class='ocrx_word' id='word_1_68' title='bbox 1701 795 1850 836; x_wconf 81' lang='lat' dir='ltr'>arbitri</span> 
     </span>
     <span class='ocr_line' id='line_1_9' title="bbox 304 864 1851 916; baseline -0.004 -3"><span class='ocrx_word' id='word_1_69' title='bbox 304 883 477 913; x_wconf 86' lang='lat' dir='ltr'>munere</span> <span class='ocrx_word' id='word_1_70' title='bbox 510 882 555 910; x_wconf 84' lang='lat' dir='ltr'>se</span> <span class='ocrx_word' id='word_1_71' title='bbox 588 880 682 910; x_wconf 87' lang='lat' dir='ltr'>esse</span> <span class='ocrx_word' id='word_1_72' title='bbox 714 867 955 907; x_wconf 80' lang='lat' dir='ltr'>functurum</span> <span class='ocrx_word' id='word_1_73' title='bbox 985 865 1198 916; x_wconf 82' lang='lat' dir='ltr'>pollicitus</span> <span class='ocrx_word' id='word_1_74' title='bbox 1227 864 1338 916; x_wconf 60' lang='grc'><strong>5113).</strong></span> <span class='ocrx_word' id='word_1_75' title='bbox 1389 864 1541 916; x_wconf 85' lang='lat' dir='ltr'>Itaque</span> <span class='ocrx_word' id='word_1_76' title='bbox 1577 866 1851 908; x_wconf 76' lang='lat' dir='ltr'>Menedemus</span> 
     </span>
    </p>
   </div>
   <div class='ocr_carea' id='block_1_3' title="bbox 385 959 509 962">
    <p class='ocr_par' dir='ltr' id='par_1_3' title="bbox 385 959 509 962">
     <span class='ocr_line' id='line_1_10' title="bbox 385 959 509 962; baseline 0 0"><span class='ocrx_word' id='word_1_77' title='bbox 385 959 509 962; x_wconf 95' lang='lat' dir='ltr'> </span> 
     </span>
    </p>
   </div>
   <div class='ocr_carea' id='block_1_4' title="bbox 307 1017 1894 1356">
    <p class='ocr_par' dir='ltr' id='par_1_4' title="bbox 307 1017 1894 1356">
     <span class='ocr_line' id='line_1_11' title="bbox 448 1017 1853 1063; baseline 0 -12"><span class='ocrx_word' id='word_1_78' title='bbox 448 1023 472 1063; x_wconf 59' lang='grc'>11</span> <span class='ocrx_word' id='word_1_79' title='bbox 500 1021 606 1060; x_wconf 87' lang='lat' dir='ltr'>Quod</span> <span class='ocrx_word' id='word_1_80' title='bbox 632 1030 743 1051; x_wconf 81' lang='lat' dir='ltr'>senex</span> <span class='ocrx_word' id='word_1_81' title='bbox 768 1019 846 1062; x_wconf 87' lang='lat' dir='ltr'>ipse</span> <span class='ocrx_word' id='word_1_82' title='bbox 871 1019 953 1050; x_wconf 89' lang='lat' dir='ltr'>vult</span> <span class='ocrx_word' id='word_1_83' title='bbox 979 1017 1107 1059; x_wconf 88' lang='lat' dir='ltr'>decipi,</span> <span class='ocrx_word' id='word_1_84' title='bbox 1135 1028 1218 1049; x_wconf 88' lang='lat' dir='ltr'>cum</span> <span class='ocrx_word' id='word_1_85' title='bbox 1244 1018 1348 1049; x_wconf 90' lang='lat' dir='ltr'>nulla</span> <span class='ocrx_word' id='word_1_86' title='bbox 1373 1017 1411 1048; x_wconf 91' lang='lat' dir='ltr'>in</span> <span class='ocrx_word' id='word_1_87' title='bbox 1430 1017 1558 1050; x_wconf 88' lang='lat' dir='ltr'>fabula</span> <span class='ocrx_word' id='word_1_88' title='bbox 1576 1018 1730 1060; x_wconf 85' lang='lat' dir='ltr'>palliata</span> <span class='ocrx_word' id='word_1_89' title='bbox 1747 1029 1853 1051; x_wconf 80' lang='lat' dir='ltr'>senes</span> 
     </span>
     <span class='ocr_line' id='line_1_12' title="bbox 307 1076 1854 1119; baseline -0.003 -5"><span class='ocrx_word' id='word_1_90' title='bbox 307 1093 378 1114; x_wconf 91' lang='grc'><strong>11011</strong></span> <span class='ocrx_word' id='word_1_91' title='bbox 405 1085 570 1118; x_wconf 76' lang='lat' dir='ltr'>caveant,</span> <span class='ocrx_word' id='word_1_92' title='bbox 597 1089 640 1110; x_wconf 88' lang='lat' dir='ltr'>ne</span> <span class='ocrx_word' id='word_1_93' title='bbox 667 1078 846 1110; x_wconf 88' lang='lat' dir='ltr'>fallantur</span> <span class='ocrx_word' id='word_1_94' title='bbox 871 1077 930 1118; x_wconf 80' lang='lat' dir='ltr'>(ef.</span> <span class='ocrx_word' id='word_1_95' title='bbox 952 1077 1046 1109; x_wconf 84' lang='lat' dir='ltr'>And.</span> <span class='ocrx_word' id='word_1_96' title='bbox 1068 1076 1134 1108; x_wconf 74' lang='grc'>196</span> <span class='ocrx_word' id='word_1_97' title='bbox 1162 1087 1240 1118; x_wconf 88' lang='lat' dir='ltr'>sqq.</span> <span class='ocrx_word' id='word_1_98' title='bbox 1264 1076 1324 1116; x_wconf 81' lang='lat' dir='ltr'>„Si</span> <span class='ocrx_word' id='word_1_99' title='bbox 1351 1087 1499 1109; x_wconf 85' lang='lat' dir='ltr'>sensero</span> <span class='ocrx_word' id='word_1_100' title='bbox 1519 1076 1628 1110; x_wconf 88' lang='lat' dir='ltr'>hodie</span> <span class='ocrx_word' id='word_1_101' title='bbox 1655 1077 1854 1119; x_wconf 82' lang='lat' dir='ltr'>quicquam</span> 
     </span>
     <span class='ocr_line' id='line_1_13' title="bbox 308 1135 1856 1179; baseline -0.003 -6"><span class='ocrx_word' id='word_1_102' title='bbox 308 1149 342 1173; x_wconf 85' lang='lat' dir='ltr'>te</span> <span class='ocrx_word' id='word_1_103' title='bbox 376 1139 543 1172; x_wconf 81' lang='lat' dir='ltr'>fallaciae</span> <span class='ocrx_word' id='word_1_104' title='bbox 577 1137 701 1171; x_wconf 88' lang='lat' dir='ltr'>conari</span> <span class='ocrx_word' id='word_1_105' title='bbox 727 1157 770 1161; x_wconf 98' lang='lat'><strong>—</strong></span> <span class='ocrx_word' id='word_1_106' title='bbox 798 1136 1015 1169; x_wconf 81' lang='lat' dir='ltr'>verberibus</span> <span class='ocrx_word' id='word_1_107' title='bbox 1048 1146 1194 1168; x_wconf 82' lang='lat' dir='ltr'>caesum</span> <span class='ocrx_word' id='word_1_108' title='bbox 1230 1140 1266 1168; x_wconf 91' lang='lat' dir='ltr'>te</span> <span class='ocrx_word' id='word_1_109' title='bbox 1293 1135 1330 1167; x_wconf 92' lang='lat' dir='ltr'>in</span> <span class='ocrx_word' id='word_1_110' title='bbox 1355 1135 1555 1178; x_wconf 84' lang='lat' dir='ltr'>pistrinum</span> <span class='ocrx_word' id='word_1_111' title='bbox 1582 1136 1711 1168; x_wconf 89' lang='lat' dir='ltr'>dedam</span> <span class='ocrx_word' id='word_1_112' title='bbox 1737 1147 1856 1179; x_wconf 88' lang='lat' dir='ltr'>usque</span> 
     </span>
     <span class='ocr_line' id='line_1_14' title="bbox 309 1194 1857 1240; baseline -0.003 -9"><span class='ocrx_word' id='word_1_113' title='bbox 309 1200 352 1232; x_wconf 86' lang='lat' dir='ltr'>ad</span> <span class='ocrx_word' id='word_1_114' title='bbox 370 1199 546 1240; x_wconf 77' lang='lat' dir='ltr'>neeem“)‚</span> <span class='ocrx_word' id='word_1_115' title='bbox 560 1198 651 1229; x_wconf 87' lang='grc'><strong>11300</strong></span> <span class='ocrx_word' id='word_1_116' title='bbox 668 1207 727 1228; x_wconf 86' lang='lat' dir='ltr'>res</span> <span class='ocrx_word' id='word_1_117' title='bbox 743 1196 779 1228; x_wconf 89' lang='lat' dir='ltr'>in</span> <span class='ocrx_word' id='word_1_118' title='bbox 794 1195 968 1227; x_wconf 81' lang='lat' dir='ltr'>Asinaria</span> <span class='ocrx_word' id='word_1_119' title='bbox 984 1195 1159 1227; x_wconf 87' lang='lat' dir='ltr'>Plautina</span> <span class='ocrx_word' id='word_1_120' title='bbox 1173 1194 1308 1227; x_wconf 88' lang='lat' dir='ltr'>iterum</span> <span class='ocrx_word' id='word_1_121' title='bbox 1323 1194 1496 1235; x_wconf 72' lang='lat' dir='ltr'>occurrit,</span> <span class='ocrx_word' id='word_1_122' title='bbox 1511 1206 1593 1227; x_wconf 88' lang='lat' dir='ltr'>cum</span> <span class='ocrx_word' id='word_1_123' title='bbox 1608 1196 1857 1228; x_wconf 86' lang='lat' dir='ltr'>Demaenetus</span> 
     </span>
     <span class='ocr_line' id='line_1_15' title="bbox 308 1253 1859 1297; baseline -0.002 -7"><span class='ocrx_word' id='word_1_124' title='bbox 308 1268 418 1291; x_wconf 76' lang='lat' dir='ltr'>senex</span> <span class='ocrx_word' id='word_1_125' title='bbox 444 1258 535 1289; x_wconf 85' lang='lat' dir='ltr'>haee</span> <span class='ocrx_word' id='word_1_126' title='bbox 561 1256 673 1288; x_wconf 79' lang='lat' dir='ltr'>verba</span> <span class='ocrx_word' id='word_1_127' title='bbox 699 1255 827 1287; x_wconf 83' lang='lat' dir='ltr'>faciat:</span> <span class='ocrx_word' id='word_1_128' title='bbox 857 1254 937 1297; x_wconf 78' lang='lat' dir='ltr'>„Me</span> <span class='ocrx_word' id='word_1_129' title='bbox 964 1254 1203 1286; x_wconf 81' lang='lat' dir='ltr'>defraudato!</span> <span class='ocrx_word' id='word_1_130' title='bbox 1225 1273 1266 1277; x_wconf 90' lang='lat'><em>-</em></span> <span class='ocrx_word' id='word_1_131' title='bbox 1295 1253 1377 1292; x_wconf 82' lang='lat' dir='ltr'>Qua</span> <span class='ocrx_word' id='word_1_132' title='bbox 1401 1264 1469 1295; x_wconf 89' lang='lat' dir='ltr'>me,</span> <span class='ocrx_word' id='word_1_133' title='bbox 1497 1264 1570 1296; x_wconf 88' lang='lat' dir='ltr'>qua</span> <span class='ocrx_word' id='word_1_134' title='bbox 1595 1265 1758 1296; x_wconf 79' lang='lat' dir='ltr'>uxorem,</span> <span class='ocrx_word' id='word_1_135' title='bbox 1784 1266 1859 1297; x_wconf 82' lang='lat' dir='ltr'>qua</span> 
     </span>
     <span class='ocr_line' id='line_1_16' title="bbox 311 1313 1894 1356; baseline -0.002 -7"><span class='ocrx_word' id='word_1_136' title='bbox 311 1325 350 1349; x_wconf 88' lang='lat' dir='ltr'>tu</span> <span class='ocrx_word' id='word_1_137' title='bbox 377 1327 520 1349; x_wconf 76' lang='lat' dir='ltr'>servom</span> <span class='ocrx_word' id='word_1_138' title='bbox 554 1316 726 1347; x_wconf 81' lang='lat' dir='ltr'>Sauream</span> <span class='ocrx_word' id='word_1_139' title='bbox 754 1319 871 1356; x_wconf 84' lang='lat' dir='ltr'>potes,</span> <span class='ocrx_word' id='word_1_140' title='bbox 905 1313 1147 1354; x_wconf 71' lang='lat' dir='ltr'>circumduce,</span> <span class='ocrx_word' id='word_1_141' title='bbox 1183 1313 1287 1345; x_wconf 83' lang='lat' dir='ltr'>aufer</span> <span class='ocrx_word' id='word_1_142' title='bbox 1318 1314 1377 1355; x_wconf 89' lang='grc'>(91</span> <span class='ocrx_word' id='word_1_143' title='bbox 1404 1314 1553 1355; x_wconf 79' lang='lat' dir='ltr'>sqq.)!“,</span> <span class='ocrx_word' id='word_1_144' title='bbox 1587 1324 1660 1355; x_wconf 87' lang='lat' dir='ltr'>qua</span> <span class='ocrx_word' id='word_1_145' title='bbox 1691 1324 1734 1345; x_wconf 85' lang='lat' dir='ltr'>ex</span> <span class='ocrx_word' id='word_1_146' title='bbox 1764 1325 1803 1346; x_wconf 87' lang='lat' dir='ltr'>re</span> <span class='ocrx_word' id='word_1_147' title='bbox 1838 1325 1860 1346; x_wconf 91' lang='lat' dir='ltr'>a</span> <span class='ocrx_word' id='word_1_148' title='bbox 1889 1337 1894 1340; x_wconf 94' lang='lat'>-</span> 
     </span>
    </p>
   </div>
   <div class='ocr_carea' id='block_1_5' title="bbox 311 1372 1861 1475">
    <p class='ocr_par' dir='ltr' id='par_1_5' title="bbox 311 1372 1861 1475">
     <span class='ocr_line' id='line_1_17' title="bbox 311 1372 1861 1415; baseline -0.003 -7"><span class='ocrx_word' id='word_1_149' title='bbox 311 1377 440 1415; x_wconf 88' lang='lat' dir='ltr'>Leone,</span> <span class='ocrx_word' id='word_1_150' title='bbox 484 1375 633 1414; x_wconf 78' lang='lat' dir='ltr'>Quaest.</span> <span class='ocrx_word' id='word_1_151' title='bbox 711 1373 833 1405; x_wconf 86' lang='lat' dir='ltr'>Plaut.</span> <span class='ocrx_word' id='word_1_152' title='bbox 879 1383 913 1414; x_wconf 88' lang='lat' dir='ltr'>p.</span> <span class='ocrx_word' id='word_1_153' title='bbox 961 1373 1025 1404; x_wconf 76' lang='lat'>1:32</span> <span class='ocrx_word' id='word_1_154' title='bbox 1070 1383 1144 1404; x_wconf 91' lang='lat' dir='ltr'>non</span> <span class='ocrx_word' id='word_1_155' title='bbox 1188 1372 1322 1404; x_wconf 88' lang='lat' dir='ltr'>iniuria</span> <span class='ocrx_word' id='word_1_156' title='bbox 1363 1372 1623 1414; x_wconf 83' lang='lat' dir='ltr'>Demophilum</span> <span class='ocrx_word' id='word_1_157' title='bbox 1666 1373 1861 1405; x_wconf 83' lang='lat' dir='ltr'>Menandri</span> 
     </span>
     <span class='ocr_line' id='line_1_18' title="bbox 311 1432 922 1475; baseline -0.005 -9"><span class='ocrx_word' id='word_1_158' title='bbox 311 1440 530 1467; x_wconf 76' lang='lat' dir='ltr'>sectatorem</span> <span class='ocrx_word' id='word_1_159' title='bbox 557 1432 734 1475; x_wconf 88' lang='lat' dir='ltr'>appellari</span> <span class='ocrx_word' id='word_1_160' title='bbox 761 1439 922 1474; x_wconf 86' lang='lat' dir='ltr'>apparet.</span> 
     </span>
    </p>
   </div>
   <div class='ocr_carea' id='block_1_6' title="bbox 314 1496 1861 1716">
    <p class='ocr_par' dir='ltr' id='par_1_6' title="bbox 314 1496 1861 1716">
     <span class='ocr_line' id='line_1_19' title="bbox 454 1496 1860 1540; baseline -0.001 -10"><span class='ocrx_word' id='word_1_161' title='bbox 454 1499 479 1540; x_wconf 72' lang='lat'>²)</span> <span class='ocrx_word' id='word_1_162' title='bbox 506 1499 637 1540; x_wconf 81' lang='lat' dir='ltr'>Inepte</span> <span class='ocrx_word' id='word_1_163' title='bbox 670 1507 758 1530; x_wconf 86' lang='lat' dir='ltr'>sane</span> <span class='ocrx_word' id='word_1_164' title='bbox 789 1497 990 1529; x_wconf 80' lang='lat' dir='ltr'>Boetterus</span> <span class='ocrx_word' id='word_1_165' title='bbox 1017 1497 1041 1528; x_wconf 89' lang='grc'>1.</span> <span class='ocrx_word' id='word_1_166' title='bbox 1073 1507 1101 1529; x_wconf 88' lang='lat' dir='ltr'>s.</span> <span class='ocrx_word' id='word_1_167' title='bbox 1128 1507 1160 1538; x_wconf 89' lang='lat' dir='ltr'>p.</span> <span class='ocrx_word' id='word_1_168' title='bbox 1196 1497 1237 1527; x_wconf 93' lang='grc'>11</span> <span class='ocrx_word' id='word_1_169' title='bbox 1267 1507 1324 1528; x_wconf 90' lang='grc'><strong>311.</strong></span> <span class='ocrx_word' id='word_1_170' title='bbox 1358 1496 1426 1527; x_wconf 84' lang='grc'><strong>1105</strong></span> <span class='ocrx_word' id='word_1_171' title='bbox 1458 1506 1588 1528; x_wconf 88' lang='lat' dir='ltr'>versus</span> <span class='ocrx_word' id='word_1_172' title='bbox 1614 1497 1860 1538; x_wconf 81' lang='lat' dir='ltr'>reprehendit,</span> 
     </span>
     <span class='ocr_line' id='line_1_20' title="bbox 314 1554 1861 1601; baseline 0 -13"><span class='ocrx_word' id='word_1_173' title='bbox 314 1558 410 1601; x_wconf 79' lang='lat' dir='ltr'>quod</span> <span class='ocrx_word' id='word_1_174' title='bbox 435 1558 549 1589; x_wconf 82' lang='lat' dir='ltr'>istum</span> <span class='ocrx_word' id='word_1_175' title='bbox 575 1556 771 1597; x_wconf 79' lang='lat' dir='ltr'>hominem,</span> <span class='ocrx_word' id='word_1_176' title='bbox 800 1566 907 1598; x_wconf 86' lang='lat' dir='ltr'>quem</span> <span class='ocrx_word' id='word_1_177' title='bbox 927 1556 1042 1596; x_wconf 80' lang='lat' dir='ltr'>Syrus</span> <span class='ocrx_word' id='word_1_178' title='bbox 1070 1555 1161 1586; x_wconf 80' lang='lat' dir='ltr'>satis</span> <span class='ocrx_word' id='word_1_179' title='bbox 1188 1556 1347 1587; x_wconf 89' lang='lat' dir='ltr'>multum</span> <span class='ocrx_word' id='word_1_180' title='bbox 1372 1554 1513 1587; x_wconf 84' lang='lat' dir='ltr'>bibisse</span> <span class='ocrx_word' id='word_1_181' title='bbox 1532 1555 1630 1588; x_wconf 85' lang='lat' dir='ltr'>dicat</span> <span class='ocrx_word' id='word_1_182' title='bbox 1648 1556 1731 1595; x_wconf 81' lang='lat'>(518</span> <span class='ocrx_word' id='word_1_183' title='bbox 1751 1557 1861 1599; x_wconf 65' lang='lat' dir='ltr'>sqq),</span> 
     </span>
     <span class='ocr_line' id='line_1_21' title="bbox 314 1613 1860 1657; baseline -0.001 -7"><span class='ocrx_word' id='word_1_184' title='bbox 314 1618 438 1650; x_wconf 82' lang='lat' dir='ltr'>eadem</span> <span class='ocrx_word' id='word_1_185' title='bbox 478 1622 585 1648; x_wconf 85' lang='lat' dir='ltr'>noete</span> <span class='ocrx_word' id='word_1_186' title='bbox 625 1617 668 1647; x_wconf 85' lang='lat' dir='ltr'>de</span> <span class='ocrx_word' id='word_1_187' title='bbox 703 1615 821 1647; x_wconf 89' lang='lat' dir='ltr'>Clinia</span> <span class='ocrx_word' id='word_1_188' title='bbox 861 1614 959 1657; x_wconf 85' lang='lat' dir='ltr'>patri</span> <span class='ocrx_word' id='word_1_189' title='bbox 992 1614 1222 1646; x_wconf 87' lang='lat' dir='ltr'>restituendo</span> <span class='ocrx_word' id='word_1_190' title='bbox 1259 1613 1454 1655; x_wconf 64' lang='lat' dir='ltr'>cogitasse&gt;</span> <span class='ocrx_word' id='word_1_191' title='bbox 1478 1614 1556 1646; x_wconf 87' lang='lat' dir='ltr'>veri</span> <span class='ocrx_word' id='word_1_192' title='bbox 1591 1614 1767 1647; x_wconf 84' lang='lat' dir='ltr'>dissimile</span> <span class='ocrx_word' id='word_1_193' title='bbox 1801 1616 1860 1649; x_wconf 88' lang='lat' dir='ltr'>sit.</span> 
     </span>
     <span class='ocr_line' id='line_1_22' title="bbox 315 1673 1861 1716; baseline -0.001 -8"><span class='ocrx_word' id='word_1_194' title='bbox 315 1677 407 1709; x_wconf 72' lang='lat' dir='ltr'>Nam</span> <span class='ocrx_word' id='word_1_195' title='bbox 440 1683 481 1707; x_wconf 88' lang='lat' dir='ltr'>ut</span> <span class='ocrx_word' id='word_1_196' title='bbox 509 1676 739 1707; x_wconf 85' lang='lat' dir='ltr'>Chremetem</span> <span class='ocrx_word' id='word_1_197' title='bbox 770 1674 891 1716; x_wconf 81' lang='lat' dir='ltr'>ipsum</span> <span class='ocrx_word' id='word_1_198' title='bbox 918 1684 957 1705; x_wconf 87' lang='lat' dir='ltr'>se</span> <span class='ocrx_word' id='word_1_199' title='bbox 983 1673 1092 1705; x_wconf 86' lang='lat' dir='ltr'>nimis</span> <span class='ocrx_word' id='word_1_200' title='bbox 1116 1678 1269 1715; x_wconf 88' lang='lat' dir='ltr'>potasse</span> <span class='ocrx_word' id='word_1_201' title='bbox 1295 1683 1432 1714; x_wconf 86' lang='lat' dir='ltr'>negare</span> <span class='ocrx_word' id='word_1_202' title='bbox 1461 1674 1556 1715; x_wconf 79' lang='lat'>(519)</span> <span class='ocrx_word' id='word_1_203' title='bbox 1582 1684 1657 1705; x_wconf 89' lang='lat' dir='ltr'>non</span> <span class='ocrx_word' id='word_1_204' title='bbox 1684 1673 1861 1715; x_wconf 88' lang='lat' dir='ltr'>dicamus,</span> 
     </span>
    </p>
   </div>
   <div class='ocr_carea' id='block_1_7' title="bbox 315 1732 1863 1836">
    <p class='ocr_par' dir='ltr' id='par_1_7' title="bbox 315 1732 1863 1836">
     <span class='ocr_line' id='line_1_23' title="bbox 315 1732 1863 1776; baseline -0.001 -9"><span class='ocrx_word' id='word_1_205' title='bbox 315 1736 512 1767; x_wconf 81' lang='lat' dir='ltr'>Roetterus</span> <span class='ocrx_word' id='word_1_206' title='bbox 539 1735 629 1766; x_wconf 82' lang='lat' dir='ltr'>haec</span> <span class='ocrx_word' id='word_1_207' title='bbox 655 1733 735 1776; x_wconf 85' lang='lat' dir='ltr'>ipsa</span> <span class='ocrx_word' id='word_1_208' title='bbox 760 1734 873 1765; x_wconf 83' lang='lat' dir='ltr'>verba</span> <span class='ocrx_word' id='word_1_209' title='bbox 900 1733 945 1764; x_wconf 90' lang='lat' dir='ltr'>ad</span> <span class='ocrx_word' id='word_1_210' title='bbox 971 1732 1068 1765; x_wconf 82' lang='lat' dir='ltr'>senis</span> <span class='ocrx_word' id='word_1_211' title='bbox 1095 1732 1214 1765; x_wconf 84' lang='lat' dir='ltr'>aliena</span> <span class='ocrx_word' id='word_1_212' title='bbox 1233 1732 1397 1764; x_wconf 81' lang='lat' dir='ltr'>curantis</span> <span class='ocrx_word' id='word_1_213' title='bbox 1416 1743 1537 1764; x_wconf 89' lang='lat' dir='ltr'>mores</span> <span class='ocrx_word' id='word_1_214' title='bbox 1557 1732 1863 1765; x_wconf 83' lang='lat' dir='ltr'>demonstrandos</span> 
     </span>
     <span class='ocr_line' id='line_1_24' title="bbox 317 1791 985 1836; baseline -0.004 -10"><span class='ocrx_word' id='word_1_215' title='bbox 317 1794 512 1836; x_wconf 85' lang='lat' dir='ltr'>plurimum</span> <span class='ocrx_word' id='word_1_216' title='bbox 539 1794 661 1825; x_wconf 75' lang='lat' dir='ltr'>valere</span> <span class='ocrx_word' id='word_1_217' title='bbox 686 1792 835 1824; x_wconf 86' lang='lat' dir='ltr'>minime</span> <span class='ocrx_word' id='word_1_218' title='bbox 864 1791 985 1823; x_wconf 81' lang='lat' dir='ltr'>sentit.</span> 
     </span>
    </p>
   </div>
   <div class='ocr_carea' id='block_1_8' title="bbox 319 1857 1878 2904">
    <p class='ocr_par' dir='ltr' id='par_1_8' title="bbox 319 1857 1878 2904">
     <span class='ocr_line' id='line_1_25' title="bbox 459 1857 1866 1900; baseline 0 -11"><span class='ocrx_word' id='word_1_219' title='bbox 459 1857 487 1900; x_wconf 73' lang='grc'>3)</span> <span class='ocrx_word' id='word_1_220' title='bbox 514 1858 586 1890; x_wconf 86' lang='grc' dir='ltr'>Η10</span> <span class='ocrx_word' id='word_1_221' title='bbox 613 1858 707 1890; x_wconf 86' lang='lat' dir='ltr'>alter</span> <span class='ocrx_word' id='word_1_222' title='bbox 733 1862 789 1889; x_wconf 85' lang='lat' dir='ltr'>est</span> <span class='ocrx_word' id='word_1_223' title='bbox 815 1858 932 1899; x_wconf 85' lang='lat' dir='ltr'>locus,</span> <span class='ocrx_word' id='word_1_224' title='bbox 959 1868 1031 1899; x_wconf 90' lang='lat' dir='ltr'>quo</span> <span class='ocrx_word' id='word_1_225' title='bbox 1058 1857 1262 1889; x_wconf 74' lang='lat' dir='ltr'>Nencinius</span> <span class='ocrx_word' id='word_1_226' title='bbox 1290 1858 1312 1888; x_wconf 93' lang='grc'>1.</span> <span class='ocrx_word' id='word_1_227' title='bbox 1334 1867 1362 1889; x_wconf 88' lang='grc'><strong>5.</strong></span> <span class='ocrx_word' id='word_1_228' title='bbox 1380 1868 1414 1899; x_wconf 87' lang='lat' dir='ltr'>p.</span> <span class='ocrx_word' id='word_1_229' title='bbox 1439 1857 1482 1888; x_wconf 81' lang='lat'>70</span> <span class='ocrx_word' id='word_1_230' title='bbox 1500 1857 1713 1889; x_wconf 85' lang='lat' dir='ltr'>Terentium</span> <span class='ocrx_word' id='word_1_231' title='bbox 1730 1857 1866 1889; x_wconf 86' lang='lat' dir='ltr'>iniuria</span> 
     </span>
     <span class='ocr_line' id='line_1_26' title="bbox 319 1915 1866 1960; baseline -0.001 -10"><span class='ocrx_word' id='word_1_232' title='bbox 319 1917 508 1960; x_wconf 78' lang='lat' dir='ltr'>archetypi</span> <span class='ocrx_word' id='word_1_233' title='bbox 543 1917 720 1959; x_wconf 65' lang='lat' dir='ltr'>quasdam</span> <span class='ocrx_word' id='word_1_234' title='bbox 755 1916 943 1958; x_wconf 73' lang='lat' dir='ltr'>reliquias,</span> <span class='ocrx_word' id='word_1_235' title='bbox 985 1927 1078 1958; x_wconf 86' lang='lat' dir='ltr'>quae</span> <span class='ocrx_word' id='word_1_236' title='bbox 1115 1916 1159 1948; x_wconf 88' lang='lat' dir='ltr'>ad</span> <span class='ocrx_word' id='word_1_237' title='bbox 1193 1916 1288 1948; x_wconf 88' lang='lat' dir='ltr'>hanc</span> <span class='ocrx_word' id='word_1_238' title='bbox 1322 1916 1487 1948; x_wconf 83' lang='lat' dir='ltr'>fabulam</span> <span class='ocrx_word' id='word_1_239' title='bbox 1528 1915 1713 1948; x_wconf 87' lang='lat' dir='ltr'>concisam</span> <span class='ocrx_word' id='word_1_240' title='bbox 1755 1921 1866 1958; x_wconf 85' lang='lat' dir='ltr'>atque</span> 
     </span>
     <span class='ocr_line' id='line_1_27' title="bbox 320 1975 1867 2017; baseline -0.001 -10"><span class='ocrx_word' id='word_1_241' title='bbox 320 1981 581 2009; x_wconf 54' lang='lat' dir='ltr'>ecmmutatam</span> <span class='ocrx_word' id='word_1_242' title='bbox 612 1987 686 2007; x_wconf 91' lang='lat' dir='ltr'>non</span> <span class='ocrx_word' id='word_1_243' title='bbox 711 1975 783 2008; x_wconf 86' lang='lat' dir='ltr'>iam</span> <span class='ocrx_word' id='word_1_244' title='bbox 803 1976 994 2017; x_wconf 77' lang='lat' dir='ltr'>quadrent,</span> <span class='ocrx_word' id='word_1_245' title='bbox 1022 1980 1146 2007; x_wconf 88' lang='lat' dir='ltr'>censet</span> <span class='ocrx_word' id='word_1_246' title='bbox 1173 1985 1352 2017; x_wconf 85' lang='lat' dir='ltr'>servasse,</span> <span class='ocrx_word' id='word_1_247' title='bbox 1390 1986 1473 2007; x_wconf 88' lang='lat' dir='ltr'>cum</span> <span class='ocrx_word' id='word_1_248' title='bbox 1500 1975 1630 2006; x_wconf 82' lang='lat' dir='ltr'>arbitri</span> <span class='ocrx_word' id='word_1_249' title='bbox 1655 1986 1789 2007; x_wconf 74' lang='lat' dir='ltr'>munus</span> <span class='ocrx_word' id='word_1_250' title='bbox 1807 1975 1867 2007; x_wconf 86' lang='lat' dir='ltr'>hic</span> 
     </span>
     <span class='ocr_line' id='line_1_28' title="bbox 321 2033 1866 2077; baseline -0.001 -9"><span class='ocrx_word' id='word_1_251' title='bbox 321 2040 657 2076; x_wconf 84' lang='lat' dir='ltr'>commemoratum,</span> <span class='ocrx_word' id='word_1_252' title='bbox 694 2035 792 2077; x_wconf 82' lang='lat' dir='ltr'>quod</span> <span class='ocrx_word' id='word_1_253' title='bbox 826 2035 1000 2066; x_wconf 84' lang='lat' dir='ltr'>Chremes</span> <span class='ocrx_word' id='word_1_254' title='bbox 1031 2045 1077 2066; x_wconf 88' lang='lat' dir='ltr'>ne</span> <span class='ocrx_word' id='word_1_255' title='bbox 1102 2039 1267 2076; x_wconf 84' lang='lat' dir='ltr'>praestet</span> <span class='ocrx_word' id='word_1_256' title='bbox 1294 2034 1454 2076; x_wconf 83' lang='lat' dir='ltr'>quidem,</span> <span class='ocrx_word' id='word_1_257' title='bbox 1481 2034 1584 2066; x_wconf 90' lang='grc'><strong>1111110</strong></span> <span class='ocrx_word' id='word_1_258' title='bbox 1611 2033 1757 2066; x_wconf 89' lang='lat' dir='ltr'>vinculo</span> <span class='ocrx_word' id='word_1_259' title='bbox 1784 2045 1866 2066; x_wconf 88' lang='lat' dir='ltr'>cum</span> 
     </span>
     <span class='ocr_line' id='line_1_29' title="bbox 320 2093 1868 2136; baseline -0.001 -9"><span class='ocrx_word' id='word_1_260' title='bbox 320 2095 461 2136; x_wconf 84' lang='lat' dir='ltr'>reliqua</span> <span class='ocrx_word' id='word_1_261' title='bbox 486 2094 613 2126; x_wconf 87' lang='lat' dir='ltr'>fabula</span> <span class='ocrx_word' id='word_1_262' title='bbox 640 2094 878 2126; x_wconf 86' lang='lat' dir='ltr'>coniunctum</span> <span class='ocrx_word' id='word_1_263' title='bbox 905 2093 963 2125; x_wconf 85' lang='lat' dir='ltr'>sit.</span> <span class='ocrx_word' id='word_1_264' title='bbox 1014 2094 1108 2125; x_wconf 88' lang='lat' dir='ltr'>Item</span> <span class='ocrx_word' id='word_1_265' title='bbox 1135 2093 1357 2125; x_wconf 84' lang='lat' dir='ltr'>Skutschius</span> <span class='ocrx_word' id='word_1_266' title='bbox 1382 2094 1404 2125; x_wconf 91' lang='lat' dir='ltr'>l.</span> <span class='ocrx_word' id='word_1_267' title='bbox 1432 2103 1459 2125; x_wconf 87' lang='lat' dir='ltr'>s.</span> <span class='ocrx_word' id='word_1_268' title='bbox 1478 2104 1512 2135; x_wconf 90' lang='lat' dir='ltr'>p.</span> <span class='ocrx_word' id='word_1_269' title='bbox 1532 2093 1553 2124; x_wconf 83' lang='lat'>8</span> <span class='ocrx_word' id='word_1_270' title='bbox 1574 2093 1740 2134; x_wconf 86' lang='lat' dir='ltr'>intellegi</span> <span class='ocrx_word' id='word_1_271' title='bbox 1759 2103 1868 2136; x_wconf 86' lang='lat' dir='ltr'>posse</span> 
     </span>
     <span class='ocr_line' id='line_1_30' title="bbox 322 2152 1871 2200; baseline -0.001 -15"><span class='ocrx_word' id='word_1_272' title='bbox 322 2159 444 2195; x_wconf 75' lang='lat' dir='ltr'>negat,</span> <span class='ocrx_word' id='word_1_273' title='bbox 473 2164 537 2185; x_wconf 83' lang='lat' dir='ltr'>eur</span> <span class='ocrx_word' id='word_1_274' title='bbox 562 2158 672 2195; x_wconf 83' lang='lat' dir='ltr'>poeta</span> <span class='ocrx_word' id='word_1_275' title='bbox 697 2153 927 2185; x_wconf 85' lang='lat' dir='ltr'>Chremetem</span> <span class='ocrx_word' id='word_1_276' title='bbox 954 2153 997 2184; x_wconf 86' lang='lat' dir='ltr'>de</span> <span class='ocrx_word' id='word_1_277' title='bbox 1024 2163 1157 2184; x_wconf 83' lang='lat' dir='ltr'>scaena</span> <span class='ocrx_word' id='word_1_278' title='bbox 1183 2156 1338 2194; x_wconf 85' lang='lat' dir='ltr'>moveat,</span> <span class='ocrx_word' id='word_1_279' title='bbox 1367 2163 1450 2185; x_wconf 89' lang='lat' dir='ltr'>cum</span> <span class='ocrx_word' id='word_1_280' title='bbox 1466 2152 1704 2184; x_wconf 86' lang='lat' dir='ltr'>Menedemus</span> <span class='ocrx_word' id='word_1_281' title='bbox 1729 2152 1871 2200; x_wconf 85' lang='lat' dir='ltr'>interea</span> 
     </span>
     <span class='ocr_line' id='line_1_31' title="bbox 323 2211 1870 2255; baseline -0.001 -11"><span class='ocrx_word' id='word_1_282' title='bbox 323 2213 373 2244; x_wconf 88' lang='lat' dir='ltr'>nil</span> <span class='ocrx_word' id='word_1_283' title='bbox 399 2213 562 2255; x_wconf 83' lang='lat' dir='ltr'>proferat</span> <span class='ocrx_word' id='word_1_284' title='bbox 588 2211 659 2244; x_wconf 84' lang='lat' dir='ltr'>nisi</span> <span class='ocrx_word' id='word_1_285' title='bbox 686 2212 824 2244; x_wconf 81' lang='lat' dir='ltr'>dietum</span> <span class='ocrx_word' id='word_1_286' title='bbox 851 2211 1000 2253; x_wconf 87' lang='lat' dir='ltr'>aliquod</span> <span class='ocrx_word' id='word_1_287' title='bbox 1019 2222 1222 2244; x_wconf 82' lang='lat' dir='ltr'>commune.</span> <span class='ocrx_word' id='word_1_288' title='bbox 1266 2212 1337 2244; x_wconf 86' lang='lat' dir='ltr'>Sed</span> <span class='ocrx_word' id='word_1_289' title='bbox 1356 2216 1397 2243; x_wconf 86' lang='lat' dir='ltr'>ut</span> <span class='ocrx_word' id='word_1_290' title='bbox 1418 2212 1463 2244; x_wconf 88' lang='lat' dir='ltr'>ab</span> <span class='ocrx_word' id='word_1_291' title='bbox 1483 2212 1553 2243; x_wconf 88' lang='lat' dir='ltr'>hac</span> <span class='ocrx_word' id='word_1_292' title='bbox 1570 2221 1608 2242; x_wconf 91' lang='lat' dir='ltr'>re</span> <span class='ocrx_word' id='word_1_293' title='bbox 1626 2211 1870 2252; x_wconf 84' lang='lat' dir='ltr'>egrediamur,</span> 
     </span>
     <span class='ocr_line' id='line_1_32' title="bbox 324 2269 1870 2311; baseline -0.001 -8"><span class='ocrx_word' id='word_1_294' title='bbox 324 2271 560 2303; x_wconf 80' lang='lat' dir='ltr'>Menedemus</span> <span class='ocrx_word' id='word_1_295' title='bbox 594 2275 698 2303; x_wconf 82' lang='lat' dir='ltr'>tanto</span> <span class='ocrx_word' id='word_1_296' title='bbox 725 2270 791 2302; x_wconf 89' lang='lat' dir='ltr'>filii</span> <span class='ocrx_word' id='word_1_297' title='bbox 825 2270 964 2303; x_wconf 84' lang='lat' dir='ltr'>reversi</span> <span class='ocrx_word' id='word_1_298' title='bbox 990 2271 1126 2311; x_wconf 75' lang='lat' dir='ltr'>gaudio</span> <span class='ocrx_word' id='word_1_299' title='bbox 1153 2271 1309 2303; x_wconf 75' lang='lat' dir='ltr'>aflectus</span> <span class='ocrx_word' id='word_1_300' title='bbox 1336 2271 1389 2302; x_wconf 86' lang='lat' dir='ltr'>nil</span> <span class='ocrx_word' id='word_1_301' title='bbox 1413 2276 1541 2302; x_wconf 84' lang='lat' dir='ltr'>narrat</span> <span class='ocrx_word' id='word_1_302' title='bbox 1566 2269 1638 2301; x_wconf 85' lang='lat' dir='ltr'>nisi</span> <span class='ocrx_word' id='word_1_303' title='bbox 1665 2270 1870 2302; x_wconf 87' lang='lat' dir='ltr'>Chremetis</span> 
     </span>
     <span class='ocr_line' id='line_1_33' title="bbox 325 2329 1870 2372; baseline -0.001 -10"><span class='ocrx_word' id='word_1_304' title='bbox 325 2330 488 2363; x_wconf 80' lang='lat' dir='ltr'>absentis</span> <span class='ocrx_word' id='word_1_305' title='bbox 503 2329 721 2372; x_wconf 83' lang='lat' dir='ltr'>prudentiae</span> <span class='ocrx_word' id='word_1_306' title='bbox 732 2329 878 2361; x_wconf 88' lang='lat' dir='ltr'>laudem</span> <span class='ocrx_word' id='word_1_307' title='bbox 892 2329 983 2361; x_wconf 84' lang='lat' dir='ltr'>satis</span> <span class='ocrx_word' id='word_1_308' title='bbox 999 2329 1220 2370; x_wconf 81' lang='lat' dir='ltr'>ambiguam,</span> <span class='ocrx_word' id='word_1_309' title='bbox 1236 2340 1343 2371; x_wconf 87' lang='lat' dir='ltr'>quem</span> <span class='ocrx_word' id='word_1_310' title='bbox 1359 2329 1489 2361; x_wconf 88' lang='lat' dir='ltr'>deinde</span> <span class='ocrx_word' id='word_1_311' title='bbox 1504 2329 1667 2361; x_wconf 90' lang='lat' dir='ltr'>omnium</span> <span class='ocrx_word' id='word_1_312' title='bbox 1681 2329 1870 2360; x_wconf 89' lang='lat' dir='ltr'>hominum</span> 
     </span>
     <span class='ocr_line' id='line_1_34' title="bbox 327 2387 1872 2432; baseline -0.002 -10"><span class='ocrx_word' id='word_1_313' title='bbox 327 2390 487 2432; x_wconf 86' lang='lat' dir='ltr'>appellat</span> <span class='ocrx_word' id='word_1_314' title='bbox 512 2390 621 2430; x_wconf 86' lang='lat' dir='ltr'>longe</span> <span class='ocrx_word' id='word_1_315' title='bbox 648 2388 911 2420; x_wconf 85' lang='lat' dir='ltr'>stultissimum</span> <span class='ocrx_word' id='word_1_316' title='bbox 937 2388 1020 2429; x_wconf 80' lang='lat'>(874</span> <span class='ocrx_word' id='word_1_317' title='bbox 1045 2388 1138 2430; x_wconf 85' lang='lat' dir='ltr'>sqq).</span> <span class='ocrx_word' id='word_1_318' title='bbox 1189 2388 1257 2421; x_wconf 89' lang='lat' dir='ltr'>Vel</span> <span class='ocrx_word' id='word_1_319' title='bbox 1282 2388 1367 2420; x_wconf 90' lang='lat' dir='ltr'>inde</span> <span class='ocrx_word' id='word_1_320' title='bbox 1393 2388 1484 2420; x_wconf 85' lang='lat' dir='ltr'>satis</span> <span class='ocrx_word' id='word_1_321' title='bbox 1512 2387 1748 2429; x_wconf 77' lang='lat' dir='ltr'>cognoscitur</span> <span class='ocrx_word' id='word_1_322' title='bbox 1773 2388 1872 2420; x_wconf 89' lang='lat' dir='ltr'>hunc</span> 
     </span>
     <span class='ocr_line' id='line_1_35' title="bbox 327 2444 1872 2490; baseline -0.003 -10"><span class='ocrx_word' id='word_1_323' title='bbox 327 2450 445 2480; x_wconf 88' lang='lat' dir='ltr'>locum</span> <span class='ocrx_word' id='word_1_324' title='bbox 468 2448 564 2479; x_wconf 87' lang='lat' dir='ltr'>sicut</span> <span class='ocrx_word' id='word_1_325' title='bbox 590 2447 751 2490; x_wconf 86' lang='lat' dir='ltr'>priorem</span> <span class='ocrx_word' id='word_1_326' title='bbox 771 2458 792 2479; x_wconf 86' lang='lat' dir='ltr'>a</span> <span class='ocrx_word' id='word_1_327' title='bbox 816 2447 995 2479; x_wconf 80' lang='lat' dir='ltr'>Nencinio</span> <span class='ocrx_word' id='word_1_328' title='bbox 1014 2448 1278 2489; x_wconf 87' lang='lat' dir='ltr'>reprehensum</span> <span class='ocrx_word' id='word_1_329' title='bbox 1304 2447 1364 2489; x_wconf 81' lang='lat' dir='ltr'>(cf.</span> <span class='ocrx_word' id='word_1_330' title='bbox 1385 2458 1421 2489; x_wconf 88' lang='lat' dir='ltr'>p.</span> <span class='ocrx_word' id='word_1_331' title='bbox 1440 2448 1460 2478; x_wconf 84' lang='grc'><strong>6</strong></span> <span class='ocrx_word' id='word_1_332' title='bbox 1483 2457 1529 2479; x_wconf 85' lang='grc'>311</span> <span class='ocrx_word' id='word_1_333' title='bbox 1551 2449 1583 2489; x_wconf 89' lang='grc'>1)</span> <span class='ocrx_word' id='word_1_334' title='bbox 1602 2446 1647 2478; x_wconf 89' lang='lat' dir='ltr'>ad</span> <span class='ocrx_word' id='word_1_335' title='bbox 1668 2444 1872 2477; x_wconf 85' lang='lat' dir='ltr'>Chremetis</span> 
     </span>
     <span class='ocr_line' id='line_1_36' title="bbox 327 2504 1874 2549; baseline -0.003 -10"><span class='ocrx_word' id='word_1_336' title='bbox 327 2518 448 2549; x_wconf 84' lang='lat' dir='ltr'>mores</span> <span class='ocrx_word' id='word_1_337' title='bbox 475 2506 700 2539; x_wconf 84' lang='lat' dir='ltr'>enarrandos</span> <span class='ocrx_word' id='word_1_338' title='bbox 726 2506 921 2548; x_wconf 84' lang='lat' dir='ltr'>pertinere.</span> <span class='ocrx_word' id='word_1_339' title='bbox 971 2506 1030 2538; x_wconf 84' lang='lat' dir='ltr'>An</span> <span class='ocrx_word' id='word_1_340' title='bbox 1055 2505 1206 2538; x_wconf 76' lang='lat' dir='ltr'>nimiam</span> <span class='ocrx_word' id='word_1_341' title='bbox 1225 2505 1303 2538; x_wconf 84' lang='lat' dir='ltr'>eius</span> <span class='ocrx_word' id='word_1_342' title='bbox 1322 2505 1442 2538; x_wconf 84' lang='lat' dir='ltr'>aliena</span> <span class='ocrx_word' id='word_1_343' title='bbox 1462 2505 1615 2537; x_wconf 84' lang='lat' dir='ltr'>curandi</span> <span class='ocrx_word' id='word_1_344' title='bbox 1633 2504 1874 2547; x_wconf 86' lang='lat' dir='ltr'>cupiditatem</span> 
     </span>
     <span class='ocr_line' id='line_1_37' title="bbox 329 2561 1872 2608; baseline -0.003 -10"><span class='ocrx_word' id='word_1_345' title='bbox 329 2572 438 2608; x_wconf 82' lang='lat' dir='ltr'>poeta</span> <span class='ocrx_word' id='word_1_346' title='bbox 464 2565 661 2598; x_wconf 89' lang='lat' dir='ltr'>dilucidius</span> <span class='ocrx_word' id='word_1_347' title='bbox 691 2566 943 2598; x_wconf 83' lang='lat' dir='ltr'>demonstrare</span> <span class='ocrx_word' id='word_1_348' title='bbox 963 2570 1087 2607; x_wconf 86' lang='lat' dir='ltr'>potest</span> <span class='ocrx_word' id='word_1_349' title='bbox 1105 2576 1215 2607; x_wconf 90' lang='lat' dir='ltr'>quam</span> <span class='ocrx_word' id='word_1_350' title='bbox 1241 2565 1340 2606; x_wconf 85' lang='lat' dir='ltr'>quod</span> <span class='ocrx_word' id='word_1_351' title='bbox 1367 2565 1489 2607; x_wconf 87' lang='lat' dir='ltr'>ipsum</span> <span class='ocrx_word' id='word_1_352' title='bbox 1507 2565 1703 2596; x_wconf 87' lang='lat' dir='ltr'>abeuntem</span> <span class='ocrx_word' id='word_1_353' title='bbox 1720 2561 1872 2603; x_wconf 84' lang='lat' dir='ltr'>inducit,</span> 
     </span>
     <span class='ocr_line' id='line_1_38' title="bbox 331 2621 1876 2667; baseline -0.003 -10"><span class='ocrx_word' id='word_1_354' title='bbox 331 2625 393 2667; x_wconf 86' lang='lat' dir='ltr'>qui</span> <span class='ocrx_word' id='word_1_355' title='bbox 419 2636 570 2657; x_wconf 85' lang='lat' dir='ltr'>munere</span> <span class='ocrx_word' id='word_1_356' title='bbox 596 2625 660 2657; x_wconf 91' lang='lat' dir='ltr'>illo</span> <span class='ocrx_word' id='word_1_357' title='bbox 688 2636 726 2657; x_wconf 87' lang='lat' dir='ltr'>se</span> <span class='ocrx_word' id='word_1_358' title='bbox 752 2624 906 2657; x_wconf 72' lang='lat' dir='ltr'>liberet?</span> <span class='ocrx_word' id='word_1_359' title='bbox 948 2624 1104 2656; x_wconf 85' lang='lat' dir='ltr'>Actione</span> <span class='ocrx_word' id='word_1_360' title='bbox 1128 2624 1243 2665; x_wconf 84' lang='lat' dir='ltr'>igitur</span> <span class='ocrx_word' id='word_1_361' title='bbox 1259 2624 1340 2667; x_wconf 86' lang='lat' dir='ltr'>ipsa</span> <span class='ocrx_word' id='word_1_362' title='bbox 1359 2628 1518 2665; x_wconf 90' lang='lat' dir='ltr'>utroque</span> <span class='ocrx_word' id='word_1_363' title='bbox 1538 2624 1618 2655; x_wconf 89' lang='grc'><strong>1000</strong></span> <span class='ocrx_word' id='word_1_364' title='bbox 1636 2632 1757 2654; x_wconf 88' lang='lat' dir='ltr'>mores</span> <span class='ocrx_word' id='word_1_365' title='bbox 1776 2621 1876 2653; x_wconf 85' lang='lat' dir='ltr'>senis</span> 
     </span>
     <span class='ocr_line' id='line_1_39' title="bbox 331 2680 1877 2727; baseline -0.003 -11"><span class='ocrx_word' id='word_1_366' title='bbox 331 2684 424 2716; x_wconf 85' lang='lat' dir='ltr'>fiunt</span> <span class='ocrx_word' id='word_1_367' title='bbox 442 2684 571 2726; x_wconf 85' lang='lat' dir='ltr'>aperti,</span> <span class='ocrx_word' id='word_1_368' title='bbox 586 2684 721 2727; x_wconf 85' lang='lat' dir='ltr'>quippe</span> <span class='ocrx_word' id='word_1_369' title='bbox 736 2695 845 2726; x_wconf 86' lang='lat' dir='ltr'>quem</span> <span class='ocrx_word' id='word_1_370' title='bbox 864 2688 1091 2726; x_wconf 77' lang='lat' dir='ltr'>spectatores</span> <span class='ocrx_word' id='word_1_371' title='bbox 1105 2683 1181 2715; x_wconf 88' lang='lat' dir='ltr'>illic</span> <span class='ocrx_word' id='word_1_372' title='bbox 1199 2693 1267 2715; x_wconf 86' lang='lat' dir='ltr'>sua</span> <span class='ocrx_word' id='word_1_373' title='bbox 1284 2682 1481 2715; x_wconf 82' lang='lat' dir='ltr'>facientem</span> <span class='ocrx_word' id='word_1_374' title='bbox 1494 2682 1653 2721; x_wconf 78' lang='lat' dir='ltr'>videant,</span> <span class='ocrx_word' id='word_1_375' title='bbox 1673 2691 1777 2723; x_wconf 85' lang='lat' dir='ltr'>quae,</span> <span class='ocrx_word' id='word_1_376' title='bbox 1789 2680 1877 2712; x_wconf 82' lang='lat' dir='ltr'>dum</span> 
     </span>
     <span class='ocr_line' id='line_1_40' title="bbox 333 2739 1876 2785; baseline -0.003 -10"><span class='ocrx_word' id='word_1_377' title='bbox 333 2743 450 2775; x_wconf 85' lang='lat' dir='ltr'>aliena</span> <span class='ocrx_word' id='word_1_378' title='bbox 489 2748 611 2782; x_wconf 80' lang='lat' dir='ltr'>curat,</span> <span class='ocrx_word' id='word_1_379' title='bbox 653 2742 834 2785; x_wconf 82' lang='lat' dir='ltr'>neglexit,</span> <span class='ocrx_word' id='word_1_380' title='bbox 875 2742 934 2775; x_wconf 87' lang='grc'><strong>1110</strong></span> <span class='ocrx_word' id='word_1_381' title='bbox 973 2743 1132 2775; x_wconf 84' lang='lat' dir='ltr'>alienum</span> <span class='ocrx_word' id='word_1_382' title='bbox 1168 2752 1303 2779; x_wconf 56' lang='lat' dir='ltr'>munim</span> <span class='ocrx_word' id='word_1_383' title='bbox 1340 2741 1597 2784; x_wconf 86' lang='lat' dir='ltr'>repudiantem</span> <span class='ocrx_word' id='word_1_384' title='bbox 1635 2739 1876 2783; x_wconf 86' lang='lat' dir='ltr'>conspiciant,</span> 
     </span>
     <span class='ocr_line' id='line_1_41' title="bbox 334 2797 1877 2844; baseline -0.002 -11"><span class='ocrx_word' id='word_1_385' title='bbox 334 2807 375 2833; x_wconf 88' lang='lat' dir='ltr'>ut</span> <span class='ocrx_word' id='word_1_386' title='bbox 416 2803 572 2834; x_wconf 86' lang='lat' dir='ltr'>alterum</span> <span class='ocrx_word' id='word_1_387' title='bbox 611 2802 803 2843; x_wconf 86' lang='lat' dir='ltr'>negotium</span> <span class='ocrx_word' id='word_1_388' title='bbox 839 2802 998 2834; x_wconf 87' lang='lat' dir='ltr'>alienum</span> <span class='ocrx_word' id='word_1_389' title='bbox 1036 2801 1227 2844; x_wconf 82' lang='lat' dir='ltr'>suscipiat.</span> <span class='ocrx_word' id='word_1_390' title='bbox 1285 2801 1462 2833; x_wconf 86' lang='lat' dir='ltr'>Schleeus</span> <span class='ocrx_word' id='word_1_391' title='bbox 1497 2805 1620 2832; x_wconf 85' lang='lat' dir='ltr'>autem</span> <span class='ocrx_word' id='word_1_392' title='bbox 1650 2800 1689 2832; x_wconf 88' lang='lat' dir='ltr'>in</span> <span class='ocrx_word' id='word_1_393' title='bbox 1720 2797 1877 2832; x_wconf 73' lang='lat' dir='ltr'>Neneini</span> 
     </span>
     <span class='ocr_line' id='line_1_42' title="bbox 335 2859 1878 2904; baseline -0.001 -12"><span class='ocrx_word' id='word_1_394' title='bbox 335 2860 448 2892; x_wconf 89' lang='lat' dir='ltr'>libelli</span> <span class='ocrx_word' id='word_1_395' title='bbox 475 2872 630 2893; x_wconf 81' lang='lat' dir='ltr'>eensura</span> <span class='ocrx_word' id='word_1_396' title='bbox 655 2862 677 2894; x_wconf 92' lang='grc'>1.</span> <span class='ocrx_word' id='word_1_397' title='bbox 706 2872 733 2895; x_wconf 76' lang='lat' dir='ltr'>s.</span> <span class='ocrx_word' id='word_1_398' title='bbox 760 2873 793 2904; x_wconf 89' lang='lat' dir='ltr'>p.</span> <span class='ocrx_word' id='word_1_399' title='bbox 823 2862 888 2893; x_wconf 80' lang='lat'>139</span> <span class='ocrx_word' id='word_1_400' title='bbox 916 2866 1073 2903; x_wconf 68' lang='lat' dir='ltr'>utroque</span> <span class='ocrx_word' id='word_1_401' title='bbox 1098 2862 1180 2893; x_wconf 88' lang='lat' dir='ltr'>loco</span> <span class='ocrx_word' id='word_1_402' title='bbox 1207 2864 1353 2903; x_wconf 81' lang='lat' dir='ltr'>poetam</span> <span class='ocrx_word' id='word_1_403' title='bbox 1379 2859 1415 2892; x_wconf 90' lang='lat' dir='ltr'>in</span> <span class='ocrx_word' id='word_1_404' title='bbox 1443 2859 1564 2892; x_wconf 88' lang='lat' dir='ltr'>animo</span> <span class='ocrx_word' id='word_1_405' title='bbox 1591 2860 1726 2892; x_wconf 84' lang='lat' dir='ltr'>habere</span> <span class='ocrx_word' id='word_1_406' title='bbox 1752 2862 1878 2891; x_wconf 83' lang='lat' dir='ltr'>censet</span> 
     </span>
    </p>
   </div>
  </div>
 </body>
</html>
