2030 3266
900 273 944 278 -
1016 248 1069 288 22
1132 273 1187 278 ,

392 366 454 408 Sc.
477 366 507 406 V
530 364 806 415 ‹eos—678).
851 365 982 419 Syrus
1015 372 1168 420 autem,
1203 367 1273 418 qui
1305 368 1418 410 solus
1440 369 1704 422 relinquitur,
1737 370 1820 412 iam

272 451 353 479 non
398 438 576 489 dubitat,
622 437 722 488 quin
764 437 846 479 sibi
886 451 1091 479 summum
1135 438 1367 489 periculum
1409 440 1639 482 immineat.
1715 440 1819 482 Nam

274 510 309 550 si
355 516 419 550 est
463 508 687 559 Antiphila
729 508 965 550 Chremetis
1007 508 1094 549 filia
1138 509 1298 562 agnita,
1338 522 1391 552 ne
1429 510 1611 552 Bacchis
1653 511 1820 562 quidem

276 579 432 621 (liutius
465 579 554 620 eius
589 579 699 620 domi
732 591 904 621 manere
935 584 1089 631 potest.
1142 579 1292 631 Itaque
1314 593 1425 622 nunc
1448 582 1671 633 pecuniam
1692 581 1822 633 illam,

277 663 399 701 quam
431 655 477 692 ut
503 654 779 701 compararet,
813 649 950 690 adhuc
972 649 1133 691 frustra
1156 650 1300 692 enisus
1323 655 1402 703 est,
1435 652 1603 693 omnino
1626 652 1822 700 remittit,

278 734 369 763 cum
413 733 459 763 se
500 720 859 772 triumphaturum
900 732 995 761 esse
1033 719 1148 767 dicit,
1194 721 1230 761 si
1267 721 1403 763 latere
1441 727 1554 764 tecto
1586 723 1721 774 possit
1754 724 1824 765 ab·

278 792 452 834 scedere
495 792 519 832 i.
553 803 586 833 e.
628 790 711 833 nisi
749 790 1007 832 Bacchidem
1040 790 1292 842 Clitiphonis
1335 804 1430 834 esse
1473 793 1651 835 amicam
1693 805 1826 835 senex

280 866 504 910 cognoscat
527 862 627 914 (671
653 860 740 914 sqq).
788 861 947 903 Tamen
980 861 1085 902 satis
1118 874 1247 913 aegre
1278 861 1377 913 fert,
1411 863 1518 915 quod
1552 865 1696 907 decem
1728 864 1827 905 illae

280 934 420 975 minae
462 932 650 985 (‚,bolum
684 930 911 985 tantum“),
955 944 1058 983 quas
1101 933 1221 983 quasi
1263 932 1389 974 offam
1431 933 1514 975 iam
1547 935 1827 976 devoraturus

281 1005 362 1046 sihi
405 1011 470 1045 est
512 1004 628 1044 visus
661 1001 760 1054 (611
795 1002 886 1055 sq.)‚
928 1007 1015 1043 tam
1059 1003 1198 1044 subito
1242 1016 1264 1044 e
1307 1003 1502 1046 faucibus
1541 1005 1621 1046 sibi
1655 1011 1828 1056 ereptae

283 1076 366 1116 sint
413 1072 587 1127 1673)1).
651 1071 736 1115 Sed
787 1073 918 1114 nihilo
971 1074 1108 1115 minus
1161 1086 1254 1115 cum
1307 1074 1359 1115 ad
1406 1087 1560 1116 novum
1608 1076 1827 1117 consilium

283 1145 531 1197 capiendum
565 1144 808 1195 accesserit,
842 1157 938 1185 mox
969 1149 1054 1185 tam
1088 1150 1232 1196 aptum
1256 1157 1302 1187 se
1324 1145 1541 1188 invenisse
1564 1144 1829 1199 emam-aff),

285 1229 363 1267 quo
396 1216 522 1257 etiam
562 1214 812 1267 ⁷,fugitivum
845 1214 951 1256 illud
983 1221 1207 1268 argentum
1241 1216 1291 1257 ad
1326 1228 1372 1258 se
1403 1217 1624 1259 retrahere
1656 1217 1831 1269 possit·².

404 1286 467 1328 Sc.
492 1285 552 1326 VI
586 1284 865 1338 (679-722).
927 1285 1007 1326 Est
1047 1286 1271 1337 Antiphila
1305 1286 1541 1328 Chremetis
1579 1287 1683 1339 filia,
1723 1286 1831 1338 quod
1893 1334 1897 1337 ,

288 1358 419 1410 Syrus
453 1361 568 1399 certo
601 1357 653 1397 ab
685 1356 777 1408 ipso
811 1356 947 1398 Clinia
979 1357 1196 1410 comperit,
1231 1358 1300 1408 qui
1333 1358 1453 1399 modo
1487 1370 1647 1400 summo
1680 1357 1834 1411 gaudio

287 1429 424 1470 elatus
466 1428 518 1469 ad
558 1432 723 1479 patrem
761 1439 1012 1469 reversurus
1052 1426 1171 1481 est-⁹¹).
1233 1427 1383 1479 Itaque
1424 1441 1517 1470 cum
1556 1441 1669 1470 nunc
1705 1429 1747 1469 in
1787 1440 1835 1469 eo

288 1558 392 1589 filias.
433 1557 475 1589 In
494 1556 657 1589 tollendo
677 1560 800 1588 autem
813 1560 938 1598 patres
956 1566 1032 1587 rem
1047 1555 1264 1588 familiarem
1277 1556 1483 1599 respexisse
1500 1557 1571 1589 hoc
1584 1557 1836 1599 Adelphorum

290 1628 399 1650 versu
425 1616 680 1648 confirmatur:
711 1615 787 1655 „Tu
812 1614 897 1647 illos
924 1615 997 1647 duo
1025 1614 1111 1647 olim
1137 1625 1203 1657 pro
1222 1625 1261 1647 re
1281 1616 1438 1648 tollebas
1458 1620 1523 1648 tua
1540 1616 1671 1659 (2509).“
1706 1616 1836 1657 Itaque

291 1683 332 1709 ut
357 1683 446 1709 tunc
471 1674 648 1717 temporis
674 1679 798 1717 patres
832 1674 979 1706 omnino
1012 1674 1108 1706 filios
1134 1675 1263 1706 tollere
1288 1674 1462 1706 maluisse
1495 1685 1605 1716 quam
1638 1674 1733 1707 filias
1764 1685 1839 1706 non

291 1736 454 1768 dicamus
480 1734 594 1776 (quod
624 1733 678 1766 ita
704 1743 743 1765 se
768 1733 903 1765 habere
930 1733 988 1764 vel
1013 1733 1097 1765 inde
1125 1733 1416 1765 concludendum
1434 1733 1591 1774 videtur,
1617 1733 1715 1775 quod
1738 1734 1840 1765 nulla

291 1796 328 1827 in
355 1795 480 1827 fabula
505 1793 603 1825 filius
631 1792 718 1825 olim
744 1792 934 1835 expositus
960 1792 1174 1835 invenitur),
1212 1792 1441 1824 Chremetem
1466 1793 1618 1825 filiolam
1651 1803 1694 1825 ea
1718 1799 1839 1824 mente

294 1854 518 1897 exposuisse,
544 1863 589 1884 ne
611 1851 758 1894 quando
778 1851 901 1883 dotem
920 1851 1005 1883 dare
1033 1858 1239 1893 cogeretur,
1265 1862 1309 1884 ex
1335 1862 1377 1883 ea
1394 1862 1433 1883 re
1460 1852 1708 1892 cognoscitur,
1731 1851 1840 1893 quod,

296 1921 336 1946 ut
357 1912 535 1956 pecuniae
563 1919 619 1943 est
639 1910 911 1951 tenacissimus,
931 1910 1124 1953 Antiphila
1142 1910 1269 1952 agnita
1287 1911 1382 1943 hanc
1399 1921 1475 1943 rem
1494 1910 1649 1942 maxime
1676 1910 1843 1951 queritur

294 1973 376 2015 (838
404 1982 495 2014 sqq„
521 1971 587 2003 937
616 1971 719 2013 sqq.).

415 2032 442 2073 ¹)
468 2029 669 2062 Nencinius
697 2029 719 2060 l.
747 2040 774 2062 S.
801 2040 834 2071 p.
870 2030 912 2061 72
939 2029 1066 2061 bolum
1096 2028 1189 2060 illud
1214 2029 1279 2070 (sc.
1313 2028 1471 2070 lucrum)
1506 2028 1550 2060 ad
1580 2027 1617 2060 id
1649 2034 1843 2069 argentum

297 2092 420 2131 refert,
449 2089 544 2131 quod
575 2089 748 2121 Chremes
773 2088 846 2120 iam
873 2088 1039 2121 elaturus
1065 2087 1194 2129 suerit,
1234 2098 1316 2119 cum
1349 2086 1531 2129 captivam
1565 2086 1668 2119 illam
1700 2086 1845 2119 Cariam

297 2160 415 2182 emere
442 2148 600 2180 voluerit
625 2147 683 2189 (cf.
710 2159 743 2190 p.
771 2148 816 2179 20
843 2158 899 2179 an.
926 2147 975 2189 2).
1024 2145 1369 2179 Herrmanowskius
1396 2147 1418 2179 1.
1452 2157 1479 2179 s,
1511 2156 1545 2188 p.
1580 2146 1623 2178 27
1656 2156 1743 2178 vero
1775 2146 1845 2177 hoc

298 2210 451 2241 verbum
477 2218 550 2239 non
578 2212 744 2249 spectare
777 2206 846 2238 sibi
872 2205 1058 2248 persuasit
1082 2205 1153 2237 nisi
1179 2205 1225 2237 ad
1250 2204 1481 2247 Antiphilam
1506 2204 1635 2247 ipsam,
1663 2215 1772 2246 quain
1799 2205 1845 2236 ob

298 2278 374 2300 rem
401 2277 483 2299 cum
510 2276 638 2298 servus
666 2266 735 2297 hac
760 2265 912 2297 muliere
944 2264 990 2296 ad
1022 2264 1215 2306 pecuniam
1248 2263 1531 2306 comparandam
1562 2263 1725 2295 nondum
1755 2273 1846 2294 usus

301 2327 364 2368 sit,
414 2335 544 2358 versus
598 2325 663 2356 611
684 2324 705 2355 8
761 2335 782 2356 a
829 2323 1002 2356 Terentio
1056 2333 1099 2355 ex
1154 2322 1226 2354 alia
1270 2323 1397 2354 fabula
1441 2321 1722 2354 contaminando
1767 2331 1847 2354 esse

301 2385 462 2418 adiectos
489 2383 702 2416 arbitratur.
745 2383 816 2415 Sed
840 2383 936 2415 hanc
961 2382 1037 2414 boli
1063 2381 1446 2414 commemorationem
1472 2381 1517 2413 ad
1543 2391 1713 2413 scaenam
1737 2380 1848 2412 huius

301 2450 406 2477 actus
444 2443 593 2476 tertiam
627 2447 821 2474 exeuntem
862 2452 941 2474 esse
975 2441 1221 2479 referendam,
1260 2451 1332 2482 quo
1371 2440 1452 2471 loco
1479 2440 1593 2480 Syrus
1631 2438 1784 2471 consilio
1811 2438 1849 2470 in

302 2503 557 2536 Menedemum
584 2501 759 2533 struendo
786 2501 922 2533 reiecto
950 2499 1133 2532 Chremeti
1160 2499 1230 2542 ipsi
1257 2500 1381 2531 decem
1402 2498 1485 2530 illas
1510 2497 1628 2530 minas
1655 2502 1849 2540 erepturus

303 2566 369 2604 est,
395 2561 565 2604 pluribus
592 2560 845 2593 demonstrare
870 2559 932 2592 vix
958 2564 1114 2602 oportet.

421 2621 448 2663 ²)
474 2621 613 2653 Versus
645 2620 752 2662 675ss
780 2618 1050 2660 quodammodo
1099 2628 1181 2650 cum
1226 2616 1376 2659 egregio
1414 2616 1480 2649 illo
1518 2615 1592 2648 Mil.
1635 2614 1735 2648 Glor.
1769 2616 1850 2647 loco

306 2680 387 2722 (201
411 2679 470 2722 14)
497 2678 657 2711 conferri
681 2683 851 2721 possunt,
879 2688 951 2720 quo
978 2678 1060 2710 loco
1086 2677 1425 2720 Periplectomenus
1451 2673 1716 2708 Palaestrionis
1741 2673 1852 2706 medi·

305 2738 419 2771 tantis
446 2742 575 2779 gestus
601 2742 759 2771 enarrat.

426 2797 452 2840 3)
480 2796 578 2836 Quid
615 2796 733 2837 magis
767 2807 850 2829 cum
887 2800 1021 2829 natura
1052 2796 1214 2828 humana
1240 2793 1423 2836 congruit,
1457 2803 1565 2834 quam
1598 2791 1697 2833 quod
1724 2791 1852 2831 Clinia,

305 2858 504 2899 postquam
524 2855 756 2897 Antiphilam
775 2855 940 2896 agnitam
969 2865 1049 2888 esse
1073 2854 1133 2887 vix
1153 2852 1341 2896 comperit,
1367 2850 1518 2893 reliquis
1541 2850 1651 2883 rebus
1676 2850 1855 2891 neglectis
