<?xml version="1.0" encoding="UTF-8"?>
<!DOCTYPE html PUBLIC "-//W3C//DTD XHTML 1.0 Transitional//EN"
    "http://www.w3.org/TR/xhtml1/DTD/xhtml1-transitional.dtd">
<html xmlns="http://www.w3.org/1999/xhtml" xml:lang="en" lang="en">
 <head>
  <title>
</title>
<meta http-equiv="Content-Type" content="text/html;charset=utf-8" />
  <meta name='ocr-system' content='tesseract 3.04.00' />
  <meta name='ocr-capabilities' content='ocr_page ocr_carea ocr_par ocr_line ocrx_word'/>
</head>
<body>
  <div class='ocr_page' id='page_1' title='image "./dehautontimorume00khuoft_0057.png"; bbox 0 0 2030 3266; ppageno 0'>
   <div class='ocr_carea' id='block_1_1' title="bbox 789 253 1081 294">
    <p class='ocr_par' dir='ltr' id='par_1_1' title="bbox 789 253 1081 294">
     <span class='ocr_line' id='line_1_1' title="bbox 789 253 1081 294; baseline 0.003 -13"><span class='ocrx_word' id='word_1_1' title='bbox 789 253 1081 294; x_wconf 62' lang='lat'>..49—</span> 
     </span>
    </p>
   </div>
   <div class='ocr_carea' id='block_1_2' title="bbox 153 368 1737 2121">
    <p class='ocr_par' dir='ltr' id='par_1_2' title="bbox 153 368 1715 844">
     <span class='ocr_line' id='line_1_2' title="bbox 166 368 1708 422; baseline 0.003 -12"><span class='ocrx_word' id='word_1_2' title='bbox 166 370 335 422; x_wconf 87' lang='lat' dir='ltr'>probari</span> <span class='ocrx_word' id='word_1_3' title='bbox 362 368 677 412; x_wconf 66' lang='lat' dir='ltr'>&#39;censet-hisce</span> <span class='ocrx_word' id='word_1_4' title='bbox 714 371 738 412; x_wconf 96' lang='lat' dir='ltr'>l.</span> <span class='ocrx_word' id='word_1_5' title='bbox 779 383 809 411; x_wconf 92' lang='lat' dir='ltr'>s.</span> <span class='ocrx_word' id='word_1_6' title='bbox 848 383 884 422; x_wconf 86' lang='lat' dir='ltr'>p.</span> <span class='ocrx_word' id='word_1_7' title='bbox 927 371 1000 414; x_wconf 72' lang='lat'>15:</span> <span class='ocrx_word' id='word_1_8' title='bbox 1043 372 1160 422; x_wconf 69' lang='lat' dir='ltr'>„Duo</span> <span class='ocrx_word' id='word_1_9' title='bbox 1202 372 1334 415; x_wconf 81' lang='lat' dir='ltr'>habes</span> <span class='ocrx_word' id='word_1_10' title='bbox 1372 373 1413 413; x_wconf 88' lang='lat' dir='ltr'>in</span> <span class='ocrx_word' id='word_1_11' title='bbox 1452 373 1533 415; x_wconf 86' lang='lat' dir='ltr'>hac</span> <span class='ocrx_word' id='word_1_12' title='bbox 1564 373 1708 414; x_wconf 80' lang='lat' dir='ltr'>fabula</span> 
     </span>
     <span class='ocr_line' id='line_1_3' title="bbox 153 441 1708 494; baseline 0.002 -13"><span class='ocrx_word' id='word_1_13' title='bbox 153 444 433 494; x_wconf 82' lang='lat' dir='ltr'>argumenta,</span> <span class='ocrx_word' id='word_1_14' title='bbox 482 453 588 492; x_wconf 85' lang='lat' dir='ltr'>quae</span> <span class='ocrx_word' id='word_1_15' title='bbox 630 453 708 483; x_wconf 88' lang='lat' dir='ltr'>nec</span> <span class='ocrx_word' id='word_1_16' title='bbox 752 441 858 482; x_wconf 87' lang='lat' dir='ltr'>satis</span> <span class='ocrx_word' id='word_1_17' title='bbox 898 441 1152 484; x_wconf 77' lang='lat' dir='ltr'>cohaereant</span> <span class='ocrx_word' id='word_1_18' title='bbox 1194 455 1331 494; x_wconf 82' lang='lat' dir='ltr'>neque</span> <span class='ocrx_word' id='word_1_19' title='bbox 1368 442 1411 484; x_wconf 91' lang='lat' dir='ltr'>in</span> <span class='ocrx_word' id='word_1_20' title='bbox 1445 456 1571 485; x_wconf 91' lang='lat' dir='ltr'>unum</span> <span class='ocrx_word' id='word_1_21' title='bbox 1604 444 1708 485; x_wconf 88' lang='lat' dir='ltr'>satis</span> 
     </span>
     <span class='ocr_line' id='line_1_4' title="bbox 169 511 1711 566; baseline 0.002 -14"><span class='ocrx_word' id='word_1_22' title='bbox 169 511 415 563; x_wconf 83' lang='lat' dir='ltr'>coaluerint,</span> <span class='ocrx_word' id='word_1_23' title='bbox 458 524 635 564; x_wconf 88' lang='lat' dir='ltr'>quorum</span> <span class='ocrx_word' id='word_1_24' title='bbox 676 511 809 553; x_wconf 87' lang='lat' dir='ltr'>altero</span> <span class='ocrx_word' id='word_1_25' title='bbox 854 512 986 562; x_wconf 86' lang='lat' dir='ltr'>patris</span> <span class='ocrx_word' id='word_1_26' title='bbox 1029 524 1122 554; x_wconf 91' lang='lat' dir='ltr'>cum</span> <span class='ocrx_word' id='word_1_27' title='bbox 1164 513 1249 554; x_wconf 90' lang='lat' dir='ltr'>filio</span> <span class='ocrx_word' id='word_1_28' title='bbox 1282 513 1505 555; x_wconf 79' lang='lat' dir='ltr'>discidium</span> <span class='ocrx_word' id='word_1_29' title='bbox 1542 515 1585 555; x_wconf 89' lang='lat' dir='ltr'>in</span> <span class='ocrx_word' id='word_1_30' title='bbox 1617 527 1711 566; x_wconf 79' lang='lat' dir='ltr'>gra-</span> 
     </span>
     <span class='ocr_line' id='line_1_5' title="bbox 169 581 1711 636; baseline 0.003 -14"><span class='ocrx_word' id='word_1_31' title='bbox 169 581 354 632; x_wconf 82' lang='lat' dir='ltr'>tiamque</span> <span class='ocrx_word' id='word_1_32' title='bbox 386 581 539 623; x_wconf 80' lang='lat' dir='ltr'>reditio</span> <span class='ocrx_word' id='word_1_33' title='bbox 565 581 711 634; x_wconf 84' lang='lat' dir='ltr'>agnita</span> <span class='ocrx_word' id='word_1_34' title='bbox 737 581 831 624; x_wconf 80' lang='lat' dir='ltr'>cive</span> <span class='ocrx_word' id='word_1_35' title='bbox 857 582 991 623; x_wconf 88' lang='lat' dir='ltr'>amica</span> <span class='ocrx_word' id='word_1_36' title='bbox 1014 583 1268 636; x_wconf 82' lang='lat' dir='ltr'>continetur,</span> <span class='ocrx_word' id='word_1_37' title='bbox 1301 584 1434 626; x_wconf 90' lang='lat' dir='ltr'>altero</span> <span class='ocrx_word' id='word_1_38' title='bbox 1461 583 1711 636; x_wconf 78' lang='lat' dir='ltr'>Clitiphonis</span> 
     </span>
     <span class='ocr_line' id='line_1_6' title="bbox 172 651 1712 708; baseline 0.003 -16"><span class='ocrx_word' id='word_1_39' title='bbox 172 663 340 694; x_wconf 87' lang='lat' dir='ltr'>amores</span> <span class='ocrx_word' id='word_1_40' title='bbox 369 651 548 703; x_wconf 73' lang='lat' dir='ltr'>syrique</span> <span class='ocrx_word' id='word_1_41' title='bbox 590 652 705 693; x_wconf 87' lang='lat' dir='ltr'>servi</span> <span class='ocrx_word' id='word_1_42' title='bbox 736 653 779 693; x_wconf 90' lang='lat' dir='ltr'>in</span> <span class='ocrx_word' id='word_1_43' title='bbox 813 665 957 694; x_wconf 88' lang='lat' dir='ltr'>senem</span> <span class='ocrx_word' id='word_1_44' title='bbox 988 653 1224 696; x_wconf 83' lang='lat' dir='ltr'>stultiorem</span> <span class='ocrx_word' id='word_1_45' title='bbox 1262 654 1434 697; x_wconf 78' lang='lat' dir='ltr'>fraudes</span> <span class='ocrx_word' id='word_1_46' title='bbox 1466 654 1712 708; x_wconf 76' lang='lat' dir='ltr'>ridiculae“,</span> 
     </span>
     <span class='ocr_line' id='line_1_7' title="bbox 171 722 1715 777; baseline 0.003 -14"><span class='ocrx_word' id='word_1_47' title='bbox 171 734 281 763; x_wconf 92' lang='lat' dir='ltr'>nunc</span> <span class='ocrx_word' id='word_1_48' title='bbox 303 722 431 763; x_wconf 89' lang='lat' dir='ltr'>etiam</span> <span class='ocrx_word' id='word_1_49' title='bbox 453 734 579 763; x_wconf 88' lang='lat' dir='ltr'>unam</span> <span class='ocrx_word' id='word_1_50' title='bbox 602 734 825 773; x_wconf 81' lang='lat' dir='ltr'>personam</span> <span class='ocrx_word' id='word_1_51' title='bbox 848 723 1018 766; x_wconf 89' lang='lat' dir='ltr'>demere</span> <span class='ocrx_word' id='word_1_52' title='bbox 1040 724 1227 777; x_wconf 83' lang='lat' dir='ltr'>audebit,</span> <span class='ocrx_word' id='word_1_53' title='bbox 1260 725 1343 766; x_wconf 93' lang='lat' dir='ltr'>nisi</span> <span class='ocrx_word' id='word_1_54' title='bbox 1374 730 1507 767; x_wconf 86' lang='lat' dir='ltr'>totam</span> <span class='ocrx_word' id='word_1_55' title='bbox 1522 725 1715 767; x_wconf 74' lang='lat' dir='ltr'>&#39;fabulam</span> 
     </span>
     <span class='ocr_line' id='line_1_8' title="bbox 173 791 1143 844; baseline 0.001 -10"><span class='ocrx_word' id='word_1_56' title='bbox 173 804 441 844; x_wconf 87' lang='lat' dir='ltr'>corrumpere</span> <span class='ocrx_word' id='word_1_57' title='bbox 473 791 616 834; x_wconf 70' lang='lat' dir='ltr'>volet?</span> <span class='ocrx_word' id='word_1_58' title='bbox 655 826 659 829; x_wconf 78' lang='grc'><em>,</em></span> <span class='ocrx_word' id='word_1_59' title='bbox 1140 801 1143 808; x_wconf 83' lang='grc'><em>’</em></span> 
     </span>
    </p>

    <p class='ocr_par' dir='ltr' id='par_1_3' title="bbox 175 861 1727 1691">
     <span class='ocr_line' id='line_1_9' title="bbox 265 861 1717 919; baseline 0.001 -13"><span class='ocrx_word' id='word_1_60' title='bbox 265 905 267 907; x_wconf 82' lang='grc'><em>,</em></span> <span class='ocrx_word' id='word_1_61' title='bbox 292 861 375 904; x_wconf 87' lang='lat' dir='ltr'>Sed</span> <span class='ocrx_word' id='word_1_62' title='bbox 408 863 691 914; x_wconf 86' lang='lat' dir='ltr'>quaerendum</span> <span class='ocrx_word' id='word_1_63' title='bbox 727 867 805 915; x_wconf 88' lang='lat' dir='ltr'>est,</span> <span class='ocrx_word' id='word_1_64' title='bbox 838 865 1124 915; x_wconf 80' lang='lat' dir='ltr'>perfeceritne</span> <span class='ocrx_word' id='word_1_65' title='bbox 1144 869 1282 918; x_wconf 87' lang='lat' dir='ltr'>poeta,</span> <span class='ocrx_word' id='word_1_66' title='bbox 1315 873 1361 908; x_wconf 89' lang='lat' dir='ltr'>ut</span> <span class='ocrx_word' id='word_1_67' title='bbox 1387 867 1465 908; x_wconf 93' lang='lat' dir='ltr'>hoc</span> <span class='ocrx_word' id='word_1_68' title='bbox 1488 879 1540 908; x_wconf 85' lang='lat' dir='ltr'>ex</span> <span class='ocrx_word' id='word_1_69' title='bbox 1562 867 1717 919; x_wconf 86' lang='lat' dir='ltr'>duplici</span> 
     </span>
     <span class='ocr_line' id='line_1_10' title="bbox 175 936 1717 989; baseline 0.003 -15"><span class='ocrx_word' id='word_1_70' title='bbox 175 938 425 987; x_wconf 81' lang='lat' dir='ltr'>argumento</span> <span class='ocrx_word' id='word_1_71' title='bbox 464 946 591 975; x_wconf 92' lang='lat' dir='ltr'>unum</span> <span class='ocrx_word' id='word_1_72' title='bbox 624 937 751 985; x_wconf 82' lang='lat' dir='ltr'>atque</span> <span class='ocrx_word' id='word_1_73' title='bbox 799 940 997 977; x_wconf 86' lang='lat' dir='ltr'>constans</span> <span class='ocrx_word' id='word_1_74' title='bbox 1040 936 1260 978; x_wconf 91' lang='lat' dir='ltr'>consilium</span> <span class='ocrx_word' id='word_1_75' title='bbox 1291 943 1507 989; x_wconf 82' lang='lat' dir='ltr'>appareat.</span> <span class='ocrx_word' id='word_1_76' title='bbox 1555 936 1717 979; x_wconf 85' lang='lat' dir='ltr'>Scimus</span> 
     </span>
     <span class='ocr_line' id='line_1_11' title="bbox 177 1003 1719 1059; baseline 0.003 -13"><span class='ocrx_word' id='word_1_77' title='bbox 177 1005 288 1046; x_wconf 88' lang='lat' dir='ltr'>enim</span> <span class='ocrx_word' id='word_1_78' title='bbox 331 1009 374 1046; x_wconf 90' lang='lat' dir='ltr'>et</span> <span class='ocrx_word' id='word_1_79' title='bbox 407 1003 503 1057; x_wconf 79' lang='lat' dir='ltr'>Syri</span> <span class='ocrx_word' id='word_1_80' title='bbox 534 1004 746 1046; x_wconf 79' lang='lat' dir='ltr'>fallaciam</span> <span class='ocrx_word' id='word_1_81' title='bbox 781 1004 1034 1057; x_wconf 79' lang='lat' dir='ltr'>Clitiphonis</span> <span class='ocrx_word' id='word_1_82' title='bbox 1074 1007 1214 1059; x_wconf 80' lang='lat' dir='ltr'>gratia</span> <span class='ocrx_word' id='word_1_83' title='bbox 1245 1007 1485 1049; x_wconf 89' lang='lat' dir='ltr'>institutam</span> <span class='ocrx_word' id='word_1_84' title='bbox 1518 1012 1571 1050; x_wconf 84' lang='lat' dir='ltr'>et</span> <span class='ocrx_word' id='word_1_85' title='bbox 1593 1009 1719 1050; x_wconf 81' lang='lat' dir='ltr'>Chre·</span> 
     </span>
     <span class='ocr_line' id='line_1_12' title="bbox 177 1074 1720 1128; baseline 0.004 -13"><span class='ocrx_word' id='word_1_86' title='bbox 177 1075 301 1116; x_wconf 89' lang='lat' dir='ltr'>met-is</span> <span class='ocrx_word' id='word_1_87' title='bbox 344 1075 578 1127; x_wconf 91' lang='lat' dir='ltr'>consilium,</span> <span class='ocrx_word' id='word_1_88' title='bbox 628 1075 698 1126; x_wconf 84' lang='lat' dir='ltr'>qui</span> <span class='ocrx_word' id='word_1_89' title='bbox 746 1075 925 1117; x_wconf 87' lang='lat' dir='ltr'>Cliniam</span> <span class='ocrx_word' id='word_1_90' title='bbox 972 1077 1085 1128; x_wconf 86' lang='lat' dir='ltr'>patri</span> <span class='ocrx_word' id='word_1_91' title='bbox 1134 1074 1216 1119; x_wconf 63' lang='lat' dir='ltr'>sib‘i</span> <span class='ocrx_word' id='word_1_92' title='bbox 1268 1079 1578 1121; x_wconf 85' lang='lat' dir='ltr'>restituendum</span> <span class='ocrx_word' id='word_1_93' title='bbox 1627 1091 1720 1122; x_wconf 90' lang='lat' dir='ltr'>esse</span> 
     </span>
     <span class='ocr_line' id='line_1_13' title="bbox 179 1145 1723 1202; baseline 0.004 -16"><span class='ocrx_word' id='word_1_94' title='bbox 179 1151 337 1196; x_wconf 77' lang='lat' dir='ltr'>censet,</span> <span class='ocrx_word' id='word_1_95' title='bbox 371 1146 431 1186; x_wconf 86' lang='lat' dir='ltr'>ita</span> <span class='ocrx_word' id='word_1_96' title='bbox 463 1157 651 1187; x_wconf 87' lang='lat' dir='ltr'>seorsum</span> <span class='ocrx_word' id='word_1_97' title='bbox 684 1146 735 1187; x_wconf 89' lang='lat' dir='ltr'>ad</span> <span class='ocrx_word' id='word_1_98' title='bbox 759 1145 885 1188; x_wconf 89' lang='lat' dir='ltr'>finem</span> <span class='ocrx_word' id='word_1_99' title='bbox 918 1147 1105 1200; x_wconf 78' lang='lat' dir='ltr'>perduci,</span> <span class='ocrx_word' id='word_1_100' title='bbox 1140 1153 1185 1189; x_wconf 90' lang='lat' dir='ltr'>ut</span> <span class='ocrx_word' id='word_1_101' title='bbox 1214 1149 1350 1199; x_wconf 83' lang='lat' dir='ltr'>neque</span> <span class='ocrx_word' id='word_1_102' title='bbox 1374 1149 1576 1192; x_wconf 82' lang='lat' dir='ltr'>(hremes</span> <span class='ocrx_word' id='word_1_103' title='bbox 1600 1151 1723 1202; x_wconf 70' lang='lat' dir='ltr'>sciat,</span> 
     </span>
     <span class='ocr_line' id='line_1_14' title="bbox 182 1215 1722 1272; baseline 0.005 -16"><span class='ocrx_word' id='word_1_104' title='bbox 182 1216 279 1266; x_wconf 84' lang='lat' dir='ltr'>quid</span> <span class='ocrx_word' id='word_1_105' title='bbox 323 1215 455 1268; x_wconf 71' lang='lat' dir='ltr'>Syrus</span> <span class='ocrx_word' id='word_1_106' title='bbox 498 1217 539 1257; x_wconf 91' lang='lat' dir='ltr'>in</span> <span class='ocrx_word' id='word_1_107' title='bbox 582 1217 720 1258; x_wconf 86' lang='lat' dir='ltr'>animo</span> <span class='ocrx_word' id='word_1_108' title='bbox 757 1217 927 1269; x_wconf 86' lang='lat' dir='ltr'>habeat,</span> <span class='ocrx_word' id='word_1_109' title='bbox 971 1230 1106 1269; x_wconf 86' lang='lat' dir='ltr'>neque</span> <span class='ocrx_word' id='word_1_110' title='bbox 1151 1218 1283 1271; x_wconf 70' lang='lat' dir='ltr'>Syrus</span> <span class='ocrx_word' id='word_1_111' title='bbox 1321 1220 1561 1272; x_wconf 88' lang='lat' dir='ltr'>suspicetur</span> <span class='ocrx_word' id='word_1_112' title='bbox 1599 1221 1722 1263; x_wconf 76' lang='lat' dir='ltr'>Chre·</span> 
     </span>
     <span class='ocr_line' id='line_1_15' title="bbox 182 1286 1724 1342; baseline 0.003 -15"><span class='ocrx_word' id='word_1_113' title='bbox 182 1292 335 1328; x_wconf 87' lang='lat' dir='ltr'>metem</span> <span class='ocrx_word' id='word_1_114' title='bbox 369 1299 459 1328; x_wconf 91' lang='lat' dir='ltr'>cum</span> <span class='ocrx_word' id='word_1_115' title='bbox 486 1286 736 1329; x_wconf 88' lang='lat' dir='ltr'>Menedemo</span> <span class='ocrx_word' id='word_1_116' title='bbox 768 1288 1021 1331; x_wconf 89' lang='lat' dir='ltr'>consentire.</span> <span class='ocrx_word' id='word_1_117' title='bbox 1070 1287 1204 1342; x_wconf 81' lang='lat' dir='ltr'>Quam</span> <span class='ocrx_word' id='word_1_118' title='bbox 1236 1290 1287 1331; x_wconf 86' lang='lat' dir='ltr'>ob</span> <span class='ocrx_word' id='word_1_119' title='bbox 1320 1303 1408 1333; x_wconf 89' lang='lat' dir='ltr'>rem</span> <span class='ocrx_word' id='word_1_120' title='bbox 1440 1291 1522 1333; x_wconf 90' lang='lat' dir='ltr'>etsi</span> <span class='ocrx_word' id='word_1_121' title='bbox 1553 1291 1724 1333; x_wconf 88' lang='lat' dir='ltr'>minime</span> 
     </span>
     <span class='ocr_line' id='line_1_16' title="bbox 182 1357 1726 1413; baseline 0.004 -16"><span class='ocrx_word' id='word_1_122' title='bbox 182 1357 353 1398; x_wconf 80' lang='lat' dir='ltr'>dubium</span> <span class='ocrx_word' id='word_1_123' title='bbox 386 1361 465 1409; x_wconf 83' lang='lat' dir='ltr'>est,</span> <span class='ocrx_word' id='word_1_124' title='bbox 505 1357 604 1408; x_wconf 81' lang='lat' dir='ltr'>quin</span> <span class='ocrx_word' id='word_1_125' title='bbox 626 1358 840 1409; x_wconf 85' lang='lat' dir='ltr'>propriam</span> <span class='ocrx_word' id='word_1_126' title='bbox 873 1359 1082 1401; x_wconf 82' lang='lat' dir='ltr'>actionem</span> <span class='ocrx_word' id='word_1_127' title='bbox 1105 1359 1247 1412; x_wconf 76' lang='lat' dir='ltr'>Syrus</span> <span class='ocrx_word' id='word_1_128' title='bbox 1269 1361 1490 1413; x_wconf 86' lang='lat' dir='ltr'>sustineat,</span> <span class='ocrx_word' id='word_1_129' title='bbox 1524 1361 1726 1404; x_wconf 88' lang='lat' dir='ltr'>Chremes</span> 
     </span>
     <span class='ocr_line' id='line_1_17' title="bbox 182 1427 1727 1481; baseline 0.004 -13"><span class='ocrx_word' id='word_1_130' title='bbox 182 1429 240 1469; x_wconf 90' lang='lat' dir='ltr'>nil</span> <span class='ocrx_word' id='word_1_131' title='bbox 284 1427 486 1470; x_wconf 75' lang='lat' dir='ltr'>defendat</span> <span class='ocrx_word' id='word_1_132' title='bbox 526 1428 610 1469; x_wconf 91' lang='lat' dir='ltr'>nisi</span> <span class='ocrx_word' id='word_1_133' title='bbox 655 1428 841 1480; x_wconf 90' lang='lat' dir='ltr'>speciem</span> <span class='ocrx_word' id='word_1_134' title='bbox 885 1429 1050 1481; x_wconf 81' lang='lat' dir='ltr'>falsam,</span> <span class='ocrx_word' id='word_1_135' title='bbox 1095 1434 1237 1472; x_wconf 87' lang='lat' dir='ltr'>tamen</span> <span class='ocrx_word' id='word_1_136' title='bbox 1276 1432 1366 1473; x_wconf 90' lang='lat' dir='ltr'>eius</span> <span class='ocrx_word' id='word_1_137' title='bbox 1408 1432 1617 1474; x_wconf 86' lang='lat' dir='ltr'>actionem</span> <span class='ocrx_word' id='word_1_138' title='bbox 1656 1433 1727 1474; x_wconf 78' lang='lat' dir='ltr'>vix</span> 
     </span>
     <span class='ocr_line' id='line_1_18' title="bbox 183 1494 1726 1554; baseline 0.003 -14"><span class='ocrx_word' id='word_1_139' title='bbox 183 1498 477 1540; x_wconf 86' lang='lat' dir='ltr'>secundariam</span> <span class='ocrx_word' id='word_1_140' title='bbox 509 1499 699 1549; x_wconf 83' lang='lat' dir='ltr'>appelles</span> <span class='ocrx_word' id='word_1_141' title='bbox 732 1505 778 1540; x_wconf 87' lang='lat' dir='ltr'>ut</span> <span class='ocrx_word' id='word_1_142' title='bbox 796 1500 968 1541; x_wconf 87' lang='lat' dir='ltr'>Charini</span> <span class='ocrx_word' id='word_1_143' title='bbox 1001 1494 1288 1543; x_wconf 83' lang='lat' dir='ltr'>adulescentis</span> <span class='ocrx_word' id='word_1_144' title='bbox 1320 1503 1363 1543; x_wconf 93' lang='lat' dir='ltr'>in</span> <span class='ocrx_word' id='word_1_145' title='bbox 1387 1503 1569 1554; x_wconf 68' lang='lat' dir='ltr'>Andria,</span> <span class='ocrx_word' id='word_1_146' title='bbox 1599 1503 1726 1544; x_wconf 86' lang='lat' dir='ltr'>immo</span> 
     </span>
     <span class='ocr_line' id='line_1_19' title="bbox 183 1568 1727 1626; baseline 0.004 -16"><span class='ocrx_word' id='word_1_147' title='bbox 183 1570 289 1610; x_wconf 90' lang='lat' dir='ltr'>haec</span> <span class='ocrx_word' id='word_1_148' title='bbox 320 1568 464 1610; x_wconf 81' lang='lat' dir='ltr'>fabula</span> <span class='ocrx_word' id='word_1_149' title='bbox 497 1581 598 1611; x_wconf 89' lang='lat' dir='ltr'>vere</span> <span class='ocrx_word' id='word_1_150' title='bbox 631 1575 698 1611; x_wconf 90' lang='lat' dir='ltr'>est</span> <span class='ocrx_word' id='word_1_151' title='bbox 730 1569 885 1621; x_wconf 80' lang='lat' dir='ltr'>duplex</span> <span class='ocrx_word' id='word_1_152' title='bbox 900 1570 941 1622; x_wconf 80' lang='lat'>¹),</span> <span class='ocrx_word' id='word_1_153' title='bbox 983 1584 1106 1622; x_wconf 83' lang='lat' dir='ltr'>quam</span> <span class='ocrx_word' id='word_1_154' title='bbox 1134 1572 1366 1615; x_wconf 85' lang='lat' dir='ltr'>&#39;Terentius</span> <span class='ocrx_word' id='word_1_155' title='bbox 1399 1574 1490 1625; x_wconf 89' lang='lat' dir='ltr'>ipse</span> <span class='ocrx_word' id='word_1_156' title='bbox 1523 1574 1727 1626; x_wconf 85' lang='lat' dir='ltr'>appellat,</span> 
     </span>
     <span class='ocr_line' id='line_1_20' title="bbox 186 1639 1265 1691; baseline 0.004 -11"><span class='ocrx_word' id='word_1_157' title='bbox 186 1640 479 1691; x_wconf 88' lang='lat' dir='ltr'>quippe.quae</span> <span class='ocrx_word' id='word_1_158' title='bbox 514 1639 683 1691; x_wconf 87' lang='lat' dir='ltr'>paribus</span> <span class='ocrx_word' id='word_1_159' title='bbox 716 1641 954 1682; x_wconf 84' lang='lat' dir='ltr'>actionibus</span> <span class='ocrx_word' id='word_1_160' title='bbox 976 1643 1265 1684; x_wconf 78' lang='lat' dir='ltr'>contineatur.</span> 
     </span>
    </p>

    <p class='ocr_par' dir='ltr' id='par_1_4' title="bbox 188 1709 1737 2121">
     <span class='ocr_line' id='line_1_21' title="bbox 305 1709 1730 1764; baseline 0.006 -14"><span class='ocrx_word' id='word_1_161' title='bbox 305 1709 388 1751; x_wconf 81' lang='lat' dir='ltr'>Sed</span> <span class='ocrx_word' id='word_1_162' title='bbox 412 1710 893 1753; x_wconf 89' lang='lat' dir='ltr'>Hautontimorumenon</span> <span class='ocrx_word' id='word_1_163' title='bbox 917 1725 1169 1764; x_wconf 82' lang='lat' dir='ltr'>quamquam</span> <span class='ocrx_word' id='word_1_164' title='bbox 1198 1714 1372 1756; x_wconf 88' lang='lat' dir='ltr'>duorum</span> <span class='ocrx_word' id='word_1_165' title='bbox 1395 1715 1730 1757; x_wconf 88' lang='lat' dir='ltr'>adulescentium</span> 
     </span>
     <span class='ocr_line' id='line_1_22' title="bbox 188 1781 1732 1838; baseline 0.005 -17"><span class='ocrx_word' id='word_1_166' title='bbox 188 1781 556 1833; x_wconf 79' lang='lat' dir='ltr'>negotiisnititur,</span> <span class='ocrx_word' id='word_1_167' title='bbox 584 1787 725 1823; x_wconf 88' lang='lat' dir='ltr'>tamen</span> <span class='ocrx_word' id='word_1_168' title='bbox 748 1794 843 1824; x_wconf 90' lang='lat' dir='ltr'>esse</span> <span class='ocrx_word' id='word_1_169' title='bbox 866 1795 992 1824; x_wconf 90' lang='lat' dir='ltr'>unam</span> <span class='ocrx_word' id='word_1_170' title='bbox 1013 1784 1221 1835; x_wconf 83' lang='lat' dir='ltr'>uniusque</span> <span class='ocrx_word' id='word_1_171' title='bbox 1244 1785 1409 1826; x_wconf 83' lang='lat' dir='ltr'>consilii</span> <span class='ocrx_word' id='word_1_172' title='bbox 1432 1786 1617 1828; x_wconf 79' lang='lat' dir='ltr'>fabulam</span> <span class='ocrx_word' id='word_1_173' title='bbox 1640 1787 1732 1838; x_wconf 90' lang='lat' dir='ltr'>ipsa</span> 
     </span>
     <span class='ocr_line' id='line_1_23' title="bbox 188 1851 1731 1907; baseline 0.005 -15"><span class='ocrx_word' id='word_1_174' title='bbox 188 1851 261 1892; x_wconf 88' lang='lat' dir='ltr'>illa</span> <span class='ocrx_word' id='word_1_175' title='bbox 279 1851 436 1902; x_wconf 90' lang='lat' dir='ltr'>duplici</span> <span class='ocrx_word' id='word_1_176' title='bbox 451 1852 616 1894; x_wconf 88' lang='lat' dir='ltr'>actione</span> <span class='ocrx_word' id='word_1_177' title='bbox 638 1852 922 1907; x_wconf 87' lang='lat' dir='ltr'>confirmatur,</span> <span class='ocrx_word' id='word_1_178' title='bbox 938 1867 1112 1905; x_wconf 87' lang='lat' dir='ltr'>quarum</span> <span class='ocrx_word' id='word_1_179' title='bbox 1129 1861 1351 1907; x_wconf 84' lang='lat' dir='ltr'>utramque</span> <span class='ocrx_word' id='word_1_180' title='bbox 1367 1856 1522 1898; x_wconf 76' lang='lat' dir='ltr'>scimus</span> <span class='ocrx_word' id='word_1_181' title='bbox 1538 1857 1590 1898; x_wconf 88' lang='lat' dir='ltr'>ad</span> <span class='ocrx_word' id='word_1_182' title='bbox 1602 1857 1731 1900; x_wconf 84' lang='lat' dir='ltr'>Chre-</span> 
     </span>
     <span class='ocr_line' id='line_1_24' title="bbox 189 1922 1735 1987; baseline 0.005 -25"><span class='ocrx_word' id='word_1_183' title='bbox 189 1925 345 1966; x_wconf 87' lang='lat' dir='ltr'>metem</span> <span class='ocrx_word' id='word_1_184' title='bbox 388 1922 682 1973; x_wconf 88' lang='lat' dir='ltr'>decipiendum</span> <span class='ocrx_word' id='word_1_185' title='bbox 720 1924 947 1974; x_wconf 88' lang='lat' dir='ltr'>pertinere.</span> <span class='ocrx_word' id='word_1_186' title='bbox 1010 1925 1058 1966; x_wconf 91' lang='lat' dir='ltr'>In</span> <span class='ocrx_word' id='word_1_187' title='bbox 1103 1925 1339 1968; x_wconf 87' lang='lat' dir='ltr'>Chremetis</span> <span class='ocrx_word' id='word_1_188' title='bbox 1383 1926 1514 1979; x_wconf 82' lang='lat' dir='ltr'>igitur</span> <span class='ocrx_word' id='word_1_189' title='bbox 1555 1925 1735 1987; x_wconf 86' lang='lat' dir='ltr'>persona</span> 
     </span>
     <span class='ocr_line' id='line_1_25' title="bbox 190 1992 1734 2050; baseline 0.005 -17"><span class='ocrx_word' id='word_1_190' title='bbox 190 1992 360 2035; x_wconf 76' lang='lat' dir='ltr'>fabulae</span> <span class='ocrx_word' id='word_1_191' title='bbox 383 1993 524 2034; x_wconf 88' lang='lat' dir='ltr'>unitas</span> <span class='ocrx_word' id='word_1_192' title='bbox 551 1993 757 2036; x_wconf 87' lang='lat' dir='ltr'>consistit.</span> <span class='ocrx_word' id='word_1_193' title='bbox 802 1994 882 2048; x_wconf 79' lang='lat' dir='ltr'>Qui</span> <span class='ocrx_word' id='word_1_194' title='bbox 905 1995 1012 2046; x_wconf 89' lang='lat' dir='ltr'>quod</span> <span class='ocrx_word' id='word_1_195' title='bbox 1036 1996 1314 2038; x_wconf 56' lang='lat' dir='ltr'>nihilominus⁴</span> <span class='ocrx_word' id='word_1_196' title='bbox 1332 2009 1427 2049; x_wconf 91' lang='lat' dir='ltr'>non,</span> <span class='ocrx_word' id='word_1_197' title='bbox 1450 2004 1734 2050; x_wconf 82' lang='lat' dir='ltr'>utexspecta-</span> 
     </span>
     <span class='ocr_line' id='line_1_26' title="bbox 193 2063 1737 2121; baseline 0.005 -18"><span class='ocrx_word' id='word_1_198' title='bbox 193 2075 298 2111; x_wconf 83' lang='lat' dir='ltr'>mus,</span> <span class='ocrx_word' id='word_1_199' title='bbox 340 2064 550 2114; x_wconf 86' lang='lat' dir='ltr'>propriam</span> <span class='ocrx_word' id='word_1_200' title='bbox 593 2063 763 2107; x_wconf 84' lang='lat' dir='ltr'>fabulae</span> <span class='ocrx_word' id='word_1_201' title='bbox 796 2065 1002 2107; x_wconf 87' lang='lat' dir='ltr'>actionem</span> <span class='ocrx_word' id='word_1_202' title='bbox 1037 2067 1233 2120; x_wconf 85' lang='lat' dir='ltr'>sustinet,</span> <span class='ocrx_word' id='word_1_203' title='bbox 1271 2067 1315 2108; x_wconf 89' lang='lat' dir='ltr'>id</span> <span class='ocrx_word' id='word_1_204' title='bbox 1353 2077 1401 2110; x_wconf 84' lang='lat' dir='ltr'>ea</span> <span class='ocrx_word' id='word_1_205' title='bbox 1441 2080 1485 2110; x_wconf 91' lang='lat' dir='ltr'>re</span> <span class='ocrx_word' id='word_1_206' title='bbox 1517 2070 1737 2121; x_wconf 84' lang='lat' dir='ltr'>aptissime</span> 
     </span>
    </p>
   </div>
   <div class='ocr_carea' id='block_1_3' title="bbox 264 2158 472 2162">
    <p class='ocr_par' dir='ltr' id='par_1_5' title="bbox 264 2158 472 2162">
     <span class='ocr_line' id='line_1_27' title="bbox 264 2158 472 2162; baseline 0 0"><span class='ocrx_word' id='word_1_207' title='bbox 264 2158 472 2162; x_wconf 95' lang='lat' dir='ltr'> </span> 
     </span>
    </p>
   </div>
   <div class='ocr_carea' id='block_1_4' title="bbox 195 2198 1745 2309">
    <p class='ocr_par' dir='ltr' id='par_1_6' title="bbox 195 2198 1745 2309">
     <span class='ocr_line' id='line_1_28' title="bbox 314 2198 1738 2251; baseline 0.005 -17"><span class='ocrx_word' id='word_1_208' title='bbox 314 2203 338 2245; x_wconf 85' lang='lat'>¹)</span> <span class='ocrx_word' id='word_1_209' title='bbox 368 2203 606 2241; x_wconf 86' lang='lat' dir='ltr'>Grammatici</span> <span class='ocrx_word' id='word_1_210' title='bbox 633 2204 787 2247; x_wconf 78' lang='lat' dir='ltr'>antiqui,</span> <span class='ocrx_word' id='word_1_211' title='bbox 815 2205 878 2247; x_wconf 81' lang='lat' dir='ltr'>qui</span> <span class='ocrx_word' id='word_1_212' title='bbox 905 2198 1062 2238; x_wconf 76' lang='lat' dir='ltr'>similem</span> <span class='ocrx_word' id='word_1_213' title='bbox 1079 2206 1244 2249; x_wconf 73' lang='lat' dir='ltr'>duplicis</span> <span class='ocrx_word' id='word_1_214' title='bbox 1263 2207 1411 2240; x_wconf 84' lang='lat' dir='ltr'>fabulae</span> <span class='ocrx_word' id='word_1_215' title='bbox 1429 2208 1631 2241; x_wconf 83' lang='lat' dir='ltr'>doctrinam</span> <span class='ocrx_word' id='word_1_216' title='bbox 1656 2220 1738 2251; x_wconf 88' lang='lat' dir='ltr'>pro-</span> 
     </span>
     <span class='ocr_line' id='line_1_29' title="bbox 195 2262 1745 2309; baseline 0.005 -16"><span class='ocrx_word' id='word_1_217' title='bbox 195 2262 330 2303; x_wconf 84' lang='lat' dir='ltr'>ferunt,</span> <span class='ocrx_word' id='word_1_218' title='bbox 364 2262 499 2303; x_wconf 79' lang='lat' dir='ltr'>ubique</span> <span class='ocrx_word' id='word_1_219' title='bbox 526 2267 670 2294; x_wconf 79' lang='lat' dir='ltr'>tantum</span> <span class='ocrx_word' id='word_1_220' title='bbox 698 2263 741 2295; x_wconf 88' lang='lat' dir='ltr'>de</span> <span class='ocrx_word' id='word_1_221' title='bbox 768 2264 925 2296; x_wconf 84' lang='lat' dir='ltr'>duorum</span> <span class='ocrx_word' id='word_1_222' title='bbox 952 2266 1244 2305; x_wconf 77' lang='lat' dir='ltr'>adulescentium</span> <span class='ocrx_word' id='word_1_223' title='bbox 1264 2267 1429 2307; x_wconf 78' lang='lat' dir='ltr'>negotiis</span> <span class='ocrx_word' id='word_1_224' title='bbox 1451 2268 1563 2301; x_wconf 83' lang='lat' dir='ltr'>verba</span> <span class='ocrx_word' id='word_1_225' title='bbox 1587 2268 1745 2309; x_wconf 67' lang='lat' dir='ltr'>faciunt,</span> 
     </span>
    </p>
   </div>
   <div class='ocr_carea' id='block_1_5' title="bbox 196 2320 1742 2425">
    <p class='ocr_par' dir='ltr' id='par_1_7' title="bbox 196 2320 1742 2425">
     <span class='ocr_line' id='line_1_30' title="bbox 196 2320 1742 2367; baseline 0.005 -16"><span class='ocrx_word' id='word_1_226' title='bbox 196 2320 231 2352; x_wconf 88' lang='lat' dir='ltr'>in</span> <span class='ocrx_word' id='word_1_227' title='bbox 260 2320 393 2361; x_wconf 84' lang='lat' dir='ltr'>quibus</span> <span class='ocrx_word' id='word_1_228' title='bbox 420 2331 506 2352; x_wconf 83' lang='lat' dir='ltr'>sane</span> <span class='ocrx_word' id='word_1_229' title='bbox 539 2325 575 2353; x_wconf 90' lang='lat' dir='ltr'>et</span> <span class='ocrx_word' id='word_1_230' title='bbox 600 2321 744 2363; x_wconf 88' lang='lat' dir='ltr'>parium</span> <span class='ocrx_word' id='word_1_231' title='bbox 770 2327 806 2354; x_wconf 85' lang='lat' dir='ltr'>et</span> <span class='ocrx_word' id='word_1_232' title='bbox 839 2322 1033 2365; x_wconf 87' lang='lat' dir='ltr'>primariae</span> <span class='ocrx_word' id='word_1_233' title='bbox 1067 2324 1380 2367; x_wconf 83' lang='lat' dir='ltr'>secundariaeque</span> <span class='ocrx_word' id='word_1_234' title='bbox 1414 2325 1569 2366; x_wconf 84' lang='lat' dir='ltr'>actionis</span> <span class='ocrx_word' id='word_1_235' title='bbox 1595 2326 1742 2359; x_wconf 80' lang='lat' dir='ltr'>fabulae</span> 
     </span>
     <span class='ocr_line' id='line_1_31' title="bbox 196 2370 1741 2425; baseline 0.004 -14"><span class='ocrx_word' id='word_1_236' title='bbox 196 2379 370 2421; x_wconf 82' lang='lat' dir='ltr'>palliatae</span> <span class='ocrx_word' id='word_1_237' title='bbox 397 2380 623 2422; x_wconf 63' lang='lat' dir='ltr'>consistunt.⁴</span> <span class='ocrx_word' id='word_1_238' title='bbox 649 2378 779 2413; x_wconf 58' lang='lat' dir='ltr'>&#39;Velut</span> <span class='ocrx_word' id='word_1_239' title='bbox 804 2379 976 2414; x_wconf 85' lang='lat' dir='ltr'>Donatus</span> <span class='ocrx_word' id='word_1_240' title='bbox 1004 2383 1049 2415; x_wconf 88' lang='lat' dir='ltr'>ad</span> <span class='ocrx_word' id='word_1_241' title='bbox 1069 2383 1163 2416; x_wconf 88' lang='lat' dir='ltr'>And.</span> <span class='ocrx_word' id='word_1_242' title='bbox 1183 2383 1234 2425; x_wconf 87' lang='lat'>11,</span> <span class='ocrx_word' id='word_1_243' title='bbox 1263 2385 1293 2424; x_wconf 82' lang='lat'>1,</span> <span class='ocrx_word' id='word_1_244' title='bbox 1322 2370 1339 2415; x_wconf 90' lang='grc'>1</span> <span class='ocrx_word' id='word_1_245' title='bbox 1367 2389 1522 2416; x_wconf 89' lang='lat' dir='ltr'>annotat</span> <span class='ocrx_word' id='word_1_246' title='bbox 1547 2385 1653 2418; x_wconf 82' lang='lat' dir='ltr'>haec:</span> <span class='ocrx_word' id='word_1_247' title='bbox 1677 2385 1741 2424; x_wconf 85' lang='lat' dir='ltr'>„In</span> 
     </span>
    </p>
   </div>
   <div class='ocr_carea' id='block_1_6' title="bbox 197 2432 1748 2897">
    <p class='ocr_par' dir='ltr' id='par_1_8' title="bbox 197 2432 1748 2897">
     <span class='ocr_line' id='line_1_32' title="bbox 197 2432 1741 2484; baseline 0.005 -15"><span class='ocrx_word' id='word_1_248' title='bbox 197 2438 268 2470; x_wconf 90' lang='lat' dir='ltr'>hoc</span> <span class='ocrx_word' id='word_1_249' title='bbox 287 2437 474 2480; x_wconf 86' lang='lat' dir='ltr'>colloquio</span> <span class='ocrx_word' id='word_1_250' title='bbox 496 2439 612 2471; x_wconf 89' lang='lat' dir='ltr'>altera</span> <span class='ocrx_word' id='word_1_251' title='bbox 630 2450 716 2481; x_wconf 83' lang='lat' dir='ltr'>pars</span> <span class='ocrx_word' id='word_1_252' title='bbox 738 2432 949 2473; x_wconf 82' lang='lat' dir='ltr'>ostenditur</span> <span class='ocrx_word' id='word_1_253' title='bbox 966 2442 1125 2483; x_wconf 80' lang='lat' dir='ltr'>fabulae,</span> <span class='ocrx_word' id='word_1_254' title='bbox 1153 2442 1183 2474; x_wconf 91' lang='lat' dir='ltr'>si</span> <span class='ocrx_word' id='word_1_255' title='bbox 1203 2442 1348 2484; x_wconf 84' lang='lat' dir='ltr'>quidem</span> <span class='ocrx_word' id='word_1_256' title='bbox 1366 2443 1507 2475; x_wconf 85' lang='lat' dir='ltr'>Andria</span> <span class='ocrx_word' id='word_1_257' title='bbox 1525 2454 1569 2476; x_wconf 85' lang='lat' dir='ltr'>ex</span> <span class='ocrx_word' id='word_1_258' title='bbox 1587 2439 1741 2476; x_wconf 83' lang='lat' dir='ltr'>duorum</span> 
     </span>
     <span class='ocr_line' id='line_1_33' title="bbox 200 2497 1743 2549; baseline 0.004 -21"><span class='ocrx_word' id='word_1_259' title='bbox 200 2497 491 2529; x_wconf 84' lang='lat' dir='ltr'>adulescentium</span> <span class='ocrx_word' id='word_1_260' title='bbox 517 2498 691 2540; x_wconf 87' lang='lat' dir='ltr'>periculis</span> <span class='ocrx_word' id='word_1_261' title='bbox 710 2499 930 2541; x_wconf 80' lang='lat' dir='ltr'>gaudiisque</span> <span class='ocrx_word' id='word_1_262' title='bbox 949 2501 1197 2543; x_wconf 82' lang='lat' dir='ltr'>componitur,</span> <span class='ocrx_word' id='word_1_263' title='bbox 1225 2512 1307 2533; x_wconf 86' lang='lat' dir='ltr'>cum</span> <span class='ocrx_word' id='word_1_264' title='bbox 1328 2502 1402 2534; x_wconf 85' lang='lat' dir='ltr'>fore</span> <span class='ocrx_word' id='word_1_265' title='bbox 1425 2502 1539 2534; x_wconf 88' lang='lat' dir='ltr'>solam</span> <span class='ocrx_word' id='word_1_266' title='bbox 1560 2503 1743 2549; x_wconf 77' lang='lat' dir='ltr'>Hecyram</span> 
     </span>
     <span class='ocr_line' id='line_1_34' title="bbox 202 2555 1745 2609; baseline 0.004 -22"><span class='ocrx_word' id='word_1_267' title='bbox 202 2555 397 2588; x_wconf 81' lang='lat' dir='ltr'>Terentius</span> <span class='ocrx_word' id='word_1_268' title='bbox 436 2562 472 2587; x_wconf 87' lang='lat' dir='ltr'>et</span> <span class='ocrx_word' id='word_1_269' title='bbox 504 2556 613 2588; x_wconf 87' lang='lat' dir='ltr'>unius</span> <span class='ocrx_word' id='word_1_270' title='bbox 649 2557 874 2590; x_wconf 86' lang='lat' dir='ltr'>comoediam</span> <span class='ocrx_word' id='word_1_271' title='bbox 908 2559 1154 2592; x_wconf 83' lang='lat' dir='ltr'>adulescentis</span> <span class='ocrx_word' id='word_1_272' title='bbox 1181 2559 1377 2601; x_wconf 61' lang='lat' dir='ltr'>effeceriffl,</span> <span class='ocrx_word' id='word_1_273' title='bbox 1414 2556 1538 2602; x_wconf 36' lang='lat' dir='ltr'>atque*</span> <span class='ocrx_word' id='word_1_274' title='bbox 1551 2561 1648 2609; x_wconf 79' lang='lat' dir='ltr'>apud</span> <span class='ocrx_word' id='word_1_275' title='bbox 1674 2561 1745 2593; x_wconf 83' lang='lat' dir='ltr'>Eu-</span> 
     </span>
     <span class='ocr_line' id='line_1_35' title="bbox 203 2614 1746 2661; baseline 0.005 -16"><span class='ocrx_word' id='word_1_276' title='bbox 203 2614 370 2646; x_wconf 85' lang='lat' dir='ltr'>anthium</span> <span class='ocrx_word' id='word_1_277' title='bbox 406 2615 478 2655; x_wconf 75' lang='grc' dir='ltr'>ΙΙΙ,</span> <span class='ocrx_word' id='word_1_278' title='bbox 513 2616 533 2646; x_wconf 82' lang='grc'>9</span> <span class='ocrx_word' id='word_1_279' title='bbox 560 2615 766 2658; x_wconf 75' lang='lat' dir='ltr'>(Wessner</span> <span class='ocrx_word' id='word_1_280' title='bbox 797 2627 831 2658; x_wconf 91' lang='lat' dir='ltr'>p.</span> <span class='ocrx_word' id='word_1_281' title='bbox 867 2617 927 2659; x_wconf 82' lang='lat'>20)</span> <span class='ocrx_word' id='word_1_282' title='bbox 958 2618 1049 2650; x_wconf 86' lang='lat' dir='ltr'>haec</span> <span class='ocrx_word' id='word_1_283' title='bbox 1083 2618 1307 2651; x_wconf 68' lang='lat' dir='ltr'>invenimus:</span> <span class='ocrx_word' id='word_1_284' title='bbox 1351 2620 1472 2661; x_wconf 76' lang='lat' dir='ltr'>„Illud</span> <span class='ocrx_word' id='word_1_285' title='bbox 1493 2618 1631 2652; x_wconf 52' lang='lat' dir='ltr'>‘etiam‘</span> <span class='ocrx_word' id='word_1_286' title='bbox 1652 2620 1746 2653; x_wconf 86' lang='lat' dir='ltr'>inter</span> 
     </span>
     <span class='ocr_line' id='line_1_36' title="bbox 204 2672 1746 2721; baseline 0.005 -18"><span class='ocrx_word' id='word_1_287' title='bbox 204 2676 325 2704; x_wconf 85' lang='lat' dir='ltr'>cetera</span> <span class='ocrx_word' id='word_1_288' title='bbox 351 2672 430 2705; x_wconf 85' lang='lat' dir='ltr'>eius</span> <span class='ocrx_word' id='word_1_289' title='bbox 458 2674 563 2706; x_wconf 86' lang='lat' dir='ltr'>laude</span> <span class='ocrx_word' id='word_1_290' title='bbox 590 2674 741 2715; x_wconf 82' lang='lat' dir='ltr'>dignum</span> <span class='ocrx_word' id='word_1_291' title='bbox 762 2675 918 2717; x_wconf 74' lang='lat' dir='ltr'>videtur,</span> <span class='ocrx_word' id='word_1_292' title='bbox 947 2677 1045 2718; x_wconf 82' lang='lat' dir='ltr'>quod</span> <span class='ocrx_word' id='word_1_293' title='bbox 1066 2677 1310 2719; x_wconf 87' lang='lat' dir='ltr'>locupletiora</span> <span class='ocrx_word' id='word_1_294' title='bbox 1330 2679 1548 2719; x_wconf 75' lang='lat' dir='ltr'>argumenta</span> <span class='ocrx_word' id='word_1_295' title='bbox 1568 2676 1612 2711; x_wconf 64' lang='lat' dir='ltr'>ex</span> <span class='ocrx_word' id='word_1_296' title='bbox 1630 2679 1746 2721; x_wconf 90' lang='lat' dir='ltr'>dupli-</span> 
     </span>
     <span class='ocr_line' id='line_1_37' title="bbox 205 2730 1748 2779; baseline 0.005 -17"><span class='ocrx_word' id='word_1_297' title='bbox 205 2730 309 2762; x_wconf 89' lang='lat' dir='ltr'>cibus</span> <span class='ocrx_word' id='word_1_298' title='bbox 347 2732 507 2773; x_wconf 83' lang='lat' dir='ltr'>negotiis</span> <span class='ocrx_word' id='word_1_299' title='bbox 541 2733 720 2774; x_wconf 81' lang='lat' dir='ltr'>delegerit</span> <span class='ocrx_word' id='word_1_300' title='bbox 739 2734 797 2765; x_wconf 29' lang='lat' dir='ltr'>,ad</span> <span class='ocrx_word' id='word_1_301' title='bbox 828 2734 1074 2768; x_wconf 85' lang='lat' dir='ltr'>scribendum.</span> <span class='ocrx_word' id='word_1_302' title='bbox 1124 2736 1217 2768; x_wconf 82' lang='lat' dir='ltr'>Nam</span> <span class='ocrx_word' id='word_1_303' title='bbox 1244 2734 1395 2778; x_wconf 83' lang='lat' dir='ltr'>excepta</span> <span class='ocrx_word' id='word_1_304' title='bbox 1422 2732 1579 2778; x_wconf 80' lang='lat' dir='ltr'>Hecyra,</span> <span class='ocrx_word' id='word_1_305' title='bbox 1612 2737 1648 2769; x_wconf 87' lang='lat' dir='ltr'>in</span> <span class='ocrx_word' id='word_1_306' title='bbox 1676 2749 1748 2779; x_wconf 84' lang='lat' dir='ltr'>qua</span> 
     </span>
     <span class='ocr_line' id='line_1_38' title="bbox 205 2787 1744 2836; baseline 0.006 -16"><span class='ocrx_word' id='word_1_307' title='bbox 205 2788 314 2820; x_wconf 84' lang='lat' dir='ltr'>unius</span> <span class='ocrx_word' id='word_1_308' title='bbox 342 2789 527 2832; x_wconf 86' lang='lat' dir='ltr'>Pamphili</span> <span class='ocrx_word' id='word_1_309' title='bbox 558 2802 661 2824; x_wconf 88' lang='lat' dir='ltr'>amor</span> <span class='ocrx_word' id='word_1_310' title='bbox 686 2798 753 2833; x_wconf 83' lang='lat' dir='ltr'>est,</span> <span class='ocrx_word' id='word_1_311' title='bbox 787 2798 929 2825; x_wconf 84' lang='lat' dir='ltr'>ceterae</span> <span class='ocrx_word' id='word_1_312' title='bbox 962 2793 1126 2836; x_wconf 75' lang='lat' dir='ltr'>quinque</span> <span class='ocrx_word' id='word_1_313' title='bbox 1156 2794 1262 2827; x_wconf 81' lang='lat' dir='ltr'>binos</span> <span class='ocrx_word' id='word_1_314' title='bbox 1280 2787 1548 2828; x_wconf 65' lang='lat' dir='ltr'>&#39;adulescentes</span> <span class='ocrx_word' id='word_1_315' title='bbox 1575 2797 1744 2829; x_wconf 83' lang='lat' dir='ltr'>habent.“</span> 
     </span>
     <span class='ocr_line' id='line_1_39' title="bbox 207 2846 1636 2897; baseline 0.006 -18"><span class='ocrx_word' id='word_1_316' title='bbox 207 2846 351 2895; x_wconf 80' lang='lat' dir='ltr'>Similes</span> <span class='ocrx_word' id='word_1_317' title='bbox 379 2849 637 2882; x_wconf 88' lang='lat' dir='ltr'>annotationes</span> <span class='ocrx_word' id='word_1_318' title='bbox 665 2856 812 2883; x_wconf 81' lang='lat' dir='ltr'>exstant</span> <span class='ocrx_word' id='word_1_319' title='bbox 839 2852 880 2883; x_wconf 90' lang='lat' dir='ltr'>ad</span> <span class='ocrx_word' id='word_1_320' title='bbox 909 2852 1004 2884; x_wconf 88' lang='lat' dir='ltr'>And.</span> <span class='ocrx_word' id='word_1_321' title='bbox 1031 2853 1072 2893; x_wconf 77' lang='lat' dir='ltr'>V,</span> <span class='ocrx_word' id='word_1_322' title='bbox 1099 2853 1131 2893; x_wconf 87' lang='lat'>6,</span> <span class='ocrx_word' id='word_1_323' title='bbox 1162 2853 1202 2884; x_wconf 84' lang='lat'>13</span> <span class='ocrx_word' id='word_1_324' title='bbox 1231 2858 1266 2885; x_wconf 89' lang='lat' dir='ltr'>et</span> <span class='ocrx_word' id='word_1_325' title='bbox 1292 2854 1331 2885; x_wconf 89' lang='lat' dir='ltr'>in</span> <span class='ocrx_word' id='word_1_326' title='bbox 1356 2848 1502 2886; x_wconf 60' lang='lat' dir='ltr'>Phormss</span> <span class='ocrx_word' id='word_1_327' title='bbox 1529 2856 1636 2897; x_wconf 83' lang='lat' dir='ltr'>praef</span> 
     </span>
    </p>
   </div>
   <div class='ocr_carea' id='block_1_7' title="bbox 1519 2915 1540 2945">
    <p class='ocr_par' dir='ltr' id='par_1_9' title="bbox 1519 2915 1540 2945">
     <span class='ocr_line' id='line_1_40' title="bbox 1519 2915 1540 2945; baseline 0 0"><span class='ocrx_word' id='word_1_328' title='bbox 1519 2915 1540 2945; x_wconf 81' lang='lat'>4</span> 
     </span>
    </p>
   </div>
  </div>
 </body>
</html>
