2030 3266
911 281 1196 321 ,24—

282 404 328 438 ut
360 410 452 439 cum
485 398 619 440 Clinia
652 398 704 439 ad
739 398 1034 441 Menedemum
1066 401 1208 452 abeat3
1252 400 1341 442 eius
1375 400 1542 441 turbam
1573 399 1828 443 Dromonem

281 468 504 511 traducere
534 468 702 523 iubet1).

928 634 1073 676 Actus
1106 634 1179 676 lv.

401 739 464 780 Sc.
487 739 507 780 I
528 739 676 792 (749-
693 740 806 793 804).
850 740 1053 782 Chremes
1086 746 1227 782 autem
1251 742 1406 783 certior
1427 742 1564 783 factus
1587 743 1670 783 iam
1693 741 1833 784 vicino

282 810 550 852 meretricem
590 811 706 852 illam
745 823 841 853 esse
879 811 1094 862 alendam,
1135 823 1182 853 eo
1222 812 1377 853 maiore
1415 812 1505 854 eius
1544 811 1834 854 misericordia

283 880 481 922 afficitur.
562 880 712 932 Itaque
765 894 876 923 nunc
927 893 1104 923 necesse
1155 893 1251 923 esse
1302 886 1435 935 putat,
1485 883 1694 925 efficiatur
1744 885 1836 924 tan-

284 951 380 993 dem
439 951 558 993 dolus
618 951 723 1004 Syro
776 952 931 993 dudum
984 952 1219 993 mandatus.
1305 952 1440 1005 Quam
1491 954 1543 994 ob
1595 966 1683 996 rem
1741 966 1835 995 cum

284 1033 435 1063 servus
473 1022 565 1074 ille,
606 1035 726 1072 quem
769 1022 1005 1074 quaesitum
1044 1034 1245 1074 egressus
1283 1026 1368 1075 est,
1408 1035 1455 1065 se
1486 1023 1570 1064 iam
1602 1024 1835 1075 perfecisse

284 1092 497 1133 fallaciam
562 1092 850 1145 responderit,
932 1105 1026 1134 cum
1090 1092 1347 1135 Bacchidem
1416 1093 1668 1145 Clitiphonis
1739 1105 1835 1136 esse

287 1163 465 1204 amicam
499 1162 634 1204 (ss'linia
678 1164 789 1215 patri
821 1163 1013 1210 dixisset.
1061 1167 1283 1215 tantopere
1324 1164 1496 1217 gaudet,
1539 1170 1591 1205 ut
1627 1164 1666 1206 ei
1707 1164 1835 1206 etiam
1875 1176 1878 1178 ’

284 1238 412 1285 caput
444 1233 682 1275 demulceat
711 1233 843 1288 (762).
892 1233 975 1275 Sed
1009 1247 1101 1276 cum
1124 1234 1196 1276 ille
1219 1239 1372 1287 pergat
1395 1235 1589 1287 Cliniam,
1623 1238 1668 1276 ut
1690 1247 1835 1276 aurum

286 1310 329 1346 ct
367 1309 531 1346 vestem
582 1318 606 1346 a
658 1311 776 1356 patre
822 1305 1023 1357 accipiat,
1075 1305 1275 1347 simulare
1328 1317 1374 1347 se
1422 1305 1684 1357 Antiphilam
1728 1305 1838 1346 velle
1894 1341 1898 1343 ,

287 1387 459 1416 uxorem
509 1375 684 1427 ducere,
732 1376 841 1417 hanc
889 1375 1052 1417 consilii
1101 1380 1266 1427 partem
1315 1376 1514 1429 dignitati
1563 1388 1663 1418 suae
1711 1381 1838 1427 atque

288 1446 533 1487 auctoritati
565 1447 727 1487 veritus
760 1446 851 1488 iure
883 1446 1093 1498 repudiat,
1128 1459 1221 1488 cum
1244 1447 1407 1489 Cliniae
1439 1447 1501 1488 illi
1533 1451 1618 1488 tam
1642 1450 1840 1498 corrupto

288 1515 421 1556 filiam
469 1529 587 1558 suam
628 1529 723 1559 csse
771 1521 997 1569 nupturam
1038 1530 1091 1559 ne
1134 1529 1210 1569 per
1247 1518 1384 1559 iocum
1426 1518 1594 1569 quidem
1632 1517 1839 1568 concedit,

290 1586 394 1640 (779
433 1586 558 1640 sqq.)‚
611 1588 736 1630 immo
780 1589 863 1629 alia
905 1589 973 1629 via
1019 1588 1164 1640 perfici
1207 1588 1342 1641 cupit,
1395 1594 1440 1630 ut
1482 1588 1732 1630 adulescens
1769 1588 1841 1630 ille

292 1663 515 1709 argentum
578 1659 893 1710 adipiscatur-²).
975 1658 1107 1712 Syrus
1177 1664 1317 1700 autem
1389 1659 1485 1700 huic
1546 1660 1609 1701 rei
1670 1671 1841 1711 operam

292 1741 338 1770 se
377 1728 571 1770 daturum
610 1742 705 1772 esse
743 1742 836 1771 cum
875 1730 1088 1781 pollicitus
1120 1730 1188 1782 sit,
1226 1729 1343 1772 hisce
1380 1730 1536 1783 pergit:
1583 1729 1692 1780 „Sed
1723 1730 1842 1781 illud,

292 1798 400 1849 quod
434 1800 512 1841 tibi
551 1799 555 1848 Ι
590 1800 676 1842 dixi
724 1801 776 1843 de
824 1806 1015 1853 argento,
1056 1800 1164 1851 quod
1196 1800 1280 1842 ista
1321 1799 1394 1855 (sc.
1438 1800 1675 1853 Antiphila)
1717 1800 1845 1842 debet

294 1870 509 1921 Bacchidi,
545 1868 549 1923 Ι
584 1871 624 1912 id
663 1885 770 1913 nunc
809 1871 1116 1914 reddendumst
1146 1872 1222 1919 illi,
1261 1884 1397 1923 neque
1430 1876 1475 1914 tu
1508 1872 1671 1914 scilicet
1705 1870 1710 1923 Ι
1744 1871 1843 1912 illuc

292 1941 532 1994 confugies:
576 1942 700 1994 „quid
740 1944 859 1984 mea?
891 1966 945 1970 —-
985 1955 1083 1984 num
1132 1943 1234 1984 iussi
1279 1941 1382 1995 (790
1421 1942 1608 1994 sqq.)‘?·‘·‘
1681 1942 1843 1995 Quibus

293 2012 436 2053 verbis
469 2025 563 2054 cum
604 2014 848 2056 cautissime
891 2025 1035 2055 omnes
1069 2013 1365 2073 excusationes
1398 2014 1532 2064 tollat,
1573 2025 1676 2064 quas
1708 2014 1843 2063 timet,

444 2165 470 2207 ¹)
496 2165 577 2197 Hoc
619 2167 697 2198 loco
731 2166 892 2198 editores
924 2166 1148 2198 recentiores
1180 2166 1259 2198 iure
1294 2170 1417 2198 actum
1451 2165 1602 2198 tertium
1636 2165 1846 2197 finiverunt.

296 2223 418 2255 Parva
445 2223 541 2255 enim
569 2224 726 2256 actionis
754 2225 977 2258 intermissio
1005 2230 1061 2258 est
1088 2225 1296 2266 statuenda,
1323 2225 1409 2256 dum
1427 2224 1615 2265 mulieres,
1636 2234 1729 2266 quae
1749 2223 1846 2265 apud

297 2282 540 2314 Menandrum
560 2283 687 2324 gaudii
706 2283 829 2316 festivi
847 2285 977 2326 plenae
998 2284 1177 2316 saltantes
1197 2283 1304 2315 domo
1324 2283 1441 2315 exisse
1461 2282 1633 2314 videntur
1649 2282 1672 2314 i.
1692 2293 1720 2314 e.
1741 2281 1845 2323 quasi

297 2340 401 2372 chori
426 2341 625 2384 (XOPOY)
654 2353 804 2375 munere
836 2343 1035 2384 fungentes
1062 2343 1120 2385 (ef.
1149 2343 1236 2383 Leo,
1263 2342 1338 2374 Der
1363 2352 1456 2374 neue
1482 2341 1682 2374 Menander
1708 2341 1730 2374 l.
1757 2351 1784 2373 S.
1811 2351 1844 2382 p,

300 2400 366 2431 166
393 2400 473 2443 sq.)‚
501 2401 545 2433 ad
572 2401 827 2434 Menedemum
853 2402 1110 2436 traducuntur.

442 2471 466 2513 2)
494 2472 601 2511 Quod
621 2472 822 2504 Nencinius
841 2473 862 2504 l.
882 2484 909 2504 s.
930 2484 964 2515 p.
984 2474 1026 2505 71
1046 2484 1103 2505 an.
1125 2474 1138 2504 1
1160 2472 1281 2504 affert:
1301 2470 1533 2514 „Praesensit
1548 2470 1702 2503 callidus
1718 2480 1847 2502 servus

300 2530 530 2563 Chremetem
557 2531 726 2573 quamvis
753 2531 909 2564 fallaciis
937 2531 1013 2564 suis
1040 2532 1225 2564 faventem
1251 2531 1289 2563 in
1314 2530 1390 2563 filia
1415 2535 1538 2562 tamen
1559 2528 1847 2579 sualpericulum

300 2589 421 2622 facere
453 2600 491 2621 se
525 2594 758 2631 negaturum,
792 2590 901 2622 immo
934 2590 970 2622 id
1001 2601 1046 2623 ne
1081 2590 1195 2631 fieret,
1229 2589 1355 2622 statim
1381 2593 1576 2630 argentum
1603 2587 1848 2628 soluturum“‚

300 2649 390 2680 haec
417 2648 675 2691 interpretatio
703 2649 851 2681 omnino
872 2649 1071 2682 refellenda
1097 2654 1163 2682 est.
1200 2649 1332 2690 Syrum
1359 2647 1455 2680 enim
1481 2646 1626 2680 etiamsi
1652 2657 1763 2679 senex
1789 2645 1849 2678 de-

301 2707 536 2749 spondendae
568 2707 665 2740 filiae
698 2708 852 2740 consilio
886 2708 1037 2749 faveret,
1076 2714 1199 2740 tamen
1247 2708 1292 2740 ad
1329 2706 1522 2749 pecuniam
1566 2705 1847 2747 comparandam

302 2766 548 2799 transiturum
584 2778 664 2800 esse
699 2772 849 2810 apparet
875 2768 983 2810 (790).
1047 2767 1117 2799 Sed
1150 2767 1187 2799 in
1215 2777 1256 2799 eo
1287 2766 1397 2798 huius
1429 2765 1500 2797 loci
1535 2765 1589 2796 vis
1621 2764 1760 2796 comica
1794 2766 1850 2796 est

304 2825 436 2867 posita,
465 2826 563 2868 quod
590 2837 701 2859 senex
728 2826 923 2859 consilium
949 2826 1040 2859 illud
1066 2825 1249 2858 reiciendo
1276 2825 1381 2867 quasi
1407 2835 1535 2857 ansam
1561 2823 1633 2856 dat.
1662 2828 1704 2855 ut
1722 2834 1849 2856 servus

307 2893 350 2916 eo
368 2884 486 2916 tutius
508 2885 553 2917 ad
574 2886 689 2927 ipsius
709 2885 893 2918 fallaciam
919 2885 1173 2928 proferendam
1193 2884 1363 2918 accedere
1382 2883 1501 2927 possit
1526 2883 1585 2925 (cf.
1604 2894 1638 2925 p.
1660 2883 1703 2914 25
1725 2893 1781 2915 an.
1803 2882 1847 2923 1).
