2030 3266
275 360 441 409 invitat,
487 364 532 399 ut
575 369 717 400 secum
761 357 815 399 ad
853 369 1000 399 cenam
1036 356 1239 399 festivam
1273 362 1343 398 eat
1417 355 1500 398 Sed
1532 356 1820 404 Menedemus,

277 430 346 482 qui
388 429 473 470 filio
516 431 695 470 absente
736 428 812 469 ulli
854 428 1061 479 voluptati
1104 440 1150 469 se
1196 427 1353 469 dedere
1395 427 1476 468 sibi
1518 427 1647 468 licere
1693 432 1823 479 negat

275 499 375 549 (147
409 508 528 551 sqq),
567 499 839 541 tristissimus
882 499 981 540 abit.
1045 497 1260 539 Chremeti
1302 502 1443 539 autem
1487 497 1530 538 id
1561 498 1605 538 in
1637 503 1823 539 mentem

276 571 400 622 redit,
420 570 527 622 quod
544 575 590 611 ut
607 575 925 621 exsequeretur,
944 572 1070 611 antea
1090 568 1257 609 domum
1273 570 1584 610 revertebatur.
1616 568 1823 609 Phaniam

277 643 387 683 enim
422 641 606 682 vicinum
639 653 781 682 secum
814 640 867 681 ad
890 652 1037 681 cenam
1060 639 1215 681 ducere
1237 638 1462 692 volebatl).
1512 638 1595 681 Sed
1620 651 1712 680 cum
1735 650 1823 679 rem

277 712 570 764 imprudenter
611 711 851 764 neglectam
894 709 1098 762 perficere
1140 709 1323 762 studeat,
1367 709 1550 751 vicinum
1592 709 1712 751 illum
1742 709 1824 750 iam

279 783 388 835 apud
434 794 480 824 se
522 794 618 824 esse
662 781 876 832 comperit.
939 780 1088 831 Itaque
1131 780 1228 820 dum
1270 780 1362 821 iure
1405 781 1523 831 quasi
1557 792 1603 822 se
1635 781 1726 832 ipse
1763 792 1827 821 re-

281 949 352 980 iam
385 947 515 990 quavis
550 946 693 978 ratione
728 944 1042 978 reconciliandum
1076 944 1108 976 ei
1133 944 1250 976 videri
1278 945 1335 976 vel
1366 944 1450 977 inde
1476 955 1691 986 cognoscaS,
1719 945 1828 986 quod,

282 1017 504 1050 quamquam
530 1006 646 1037 multa
671 1004 743 1037 iam
762 1004 875 1036 verba
901 1014 983 1035 cum
1010 1014 1052 1036 eo
1077 1003 1174 1045 fecit,
1203 1004 1274 1036 hoc
1299 1010 1380 1036 loco
1398 1003 1556 1046 primum
1584 1015 1666 1036 eum
1684 1004 1830 1035 nomine

281 1067 360 1109 ipso
400 1064 612 1106 alloquitur.
662 1064 780 1095 Immo
817 1068 927 1105 poeta
959 1063 1045 1095 data
1078 1073 1189 1105 opera
1222 1063 1293 1095 hoc
1320 1062 1523 1095 Chremetis
1559 1063 1670 1095 animi
1696 1063 1830 1094 affectu

282 1125 410 1165 utitur,
447 1129 488 1156 ut
523 1127 750 1166 spectatores
784 1121 939 1154 Cliniam
972 1133 1058 1154 mox
1092 1122 1306 1155 adfuturum
1344 1132 1423 1154 esse
1456 1121 1687 1164 suspicantes
1719 1121 1832 1153 faciat

281 1185 301 1217 i.
330 1195 359 1217 e.
386 1181 679 1226 praeparationis
712 1180 867 1214 artificio
895 1180 1024 1222 utitur,
1053 1192 1162 1223 quam
1188 1182 1355 1213 rhetores
1389 1182 1586 1224 appellant,
1620 1181 1718 1223 quod
1746 1180 1831 1213 arti-

283 1243 405 1276 ficium
441 1253 550 1284 quam
583 1241 672 1273 scite
704 1252 787 1273 cum
821 1240 986 1272 moribus
1019 1240 1314 1273 demonstrandis
1342 1240 1585 1282 coniunxerit,
1618 1251 1724 1272 nemo
1758 1251 1832 1272 non

284 1303 392 1335 videt.
443 1301 511 1343 (Cf.
541 1300 726 1341 Geffcken,
754 1299 907 1332 Studien
935 1310 980 1331 zu
1007 1299 1220 1340 Menander,
1253 1298 1380 1341 Progr.
1408 1300 1602 1341 Hamburg
1638 1300 1725 1331 1898
1752 1310 1786 1341 p.
1813 1300 1833 1330 6
1893 1333 1896 1336 Δ

284 1373 340 1394 an.
379 1362 418 1401 4,
459 1360 521 1402 qui
560 1359 750 1402 complura
788 1358 898 1390 huius
937 1357 1083 1390 artificii
1123 1369 1143 1391 a
1181 1358 1385 1390 Menandro
1425 1358 1639 1401 saepissime
1678 1358 1831 1390 adhibiti

284 1420 450 1462 exempla
476 1418 608 1461 affert).

404 1492 431 1533 Γ)
457 1491 537 1523 Hoc
555 1491 636 1522 loco
656 1488 859 1523 Nenoinius
878 1489 900 1520 ].
921 1500 949 1522 s.
968 1499 1002 1531 p.
1024 1489 1067 1521 70
1087 1488 1252 1520 fabulam
1271 1488 1534 1521 Menandream
1559 1499 1637 1521 esse
1658 1495 1835 1521 resectam

286 1550 530 1584 certissimum
555 1548 634 1581 fieri
653 1551 788 1589 censet,
809 1558 892 1580 cum
913 1547 1110 1579 Terentius
1130 1558 1192 1580 eas
1219 1547 1410 1589 archetypi
1436 1558 1493 1580 res
1512 1548 1716 1589 retinuerit,
1744 1558 1836 1589 quae

285 1613 353 1643 hac
380 1621 462 1641 cum
488 1609 615 1640 fabula
639 1618 714 1639 non
740 1607 813 1639 iam
840 1606 1072 1639 conveniant.
1123 1607 1252 1648 Neque
1286 1606 1381 1639 enim
1408 1607 1484 1638 ullo
1512 1617 1556 1639 ex
1581 1607 1728 1639 fabulae
1755 1607 1836 1638 loco

286 1679 473 1712 apparere,
501 1679 572 1710 qua
599 1668 643 1699 de
670 1677 783 1699 causa
810 1666 983 1698 Chremes
1002 1666 1185 1698 Phaniam
1211 1666 1257 1698 ad
1285 1676 1412 1698 cenam
1437 1671 1639 1698 vocaturus
1664 1665 1838 1707 fingatur,

287 1729 385 1771 quod
424 1738 511 1760 sane
546 1726 646 1769 apud
671 1726 916 1758 Menandrum
949 1725 1088 1767 aliquid
1122 1725 1167 1757 ad
1193 1729 1453 1766 argumentum
1486 1725 1751 1757 absolvendum
1778 1736 1837 1756 va·

289 1787 407 1820 luerit.
459 1786 528 1819 Sed
564 1785 723 1828 primum
749 1785 806 1816 his
834 1784 1039 1816 Chremetis
1065 1784 1188 1817 verbis
1223 1789 1333 1827 poeta
1359 1789 1586 1826 spectatores
1619 1790 1702 1826 apte
1730 1784 1839 1816 senti-

288 1853 390 1879 entes
425 1845 514 1878 facit
549 1845 586 1876 in
612 1845 739 1876 fabula
771 1843 852 1886 ipsa
878 1854 1006 1876 cenam
1038 1844 1116 1876 fore
1143 1844 1213 1876 hoc
1238 1844 1334 1876 festo
1363 1844 1419 1875 die
1446 1843 1708 1884 dignissimam,
1743 1843 1840 1885 quod

290 1905 419 1948 quanti
457 1903 632 1936 momenti
671 1903 718 1935 sit
756 1903 802 1935 ad
840 1908 960 1935 totum
1003 1907 1262 1944 argumentum
1294 1907 1393 1935 recte
1427 1902 1722 1945 perspiciendum
1757 1913 1841 1934 mox

292 1964 494 2008 apparebit,
521 1963 652 1995 deinde
677 1962 735 1994 his
762 1962 852 2005 ipsis
871 1962 993 1994 verbis
1020 1973 1103 1994 cum
1130 1962 1181 1994 eis
1201 1961 1448 1994 communicat
1472 1962 1567 1993 hanc
1586 1961 1749 1993 fabulam
1768 1972 1841 1993 non

289 2030 331 2057 ut
348 2025 543 2067 plerasque
571 2026 636 2054 aut
663 2026 747 2054 ante
767 2023 883 2054 solem
901 2021 1081 2054 orientem
1109 2026 1173 2054 aut
1191 2032 1297 2053 mane
1315 2021 1438 2063 incipi,
1466 2021 1530 2053 sed
1549 2022 1617 2053 sub
1636 2031 1841 2063 vesperum,

290 2084 457 2125 denique,
495 2081 593 2122 quod
627 2080 827 2123 plurimum
854 2082 963 2122 valet,
997 2081 1124 2113 statim
1157 2082 1203 2113 ab
1232 2080 1338 2112 initio
1372 2081 1520 2113 fabulae
1547 2091 1610 2112 cos
1639 2080 1842 2112 Chremetis

288 2156 409 2179 mores
452 2150 604 2184 prorsus
644 2144 859 2182 perspectos
898 2140 1034 2172 habere
1066 2141 1158 2181 vult,
1192 2139 1254 2181 qui
1281 2140 1368 2171 dum
1395 2139 1515 2171 aliena
1541 2144 1658 2180 curat,
1692 2150 1842 2172 suorum

290 2205 497 2238 officiorum
524 2199 767 2233 obliviscitur.
817 2199 950 2240 Itaque
976 2209 1083 2231 nemo
1111 2209 1198 2231 sane
1225 2209 1307 2230 cum
1331 2198 1511 2231 Nencinio
1538 2198 1776 2240 exspectabit,
1803 2204 1845 2230 ut

292 2264 363 2298 alio
391 2262 539 2295 fabulae
566 2261 646 2292 loco
665 2259 773 2301 plura
799 2258 841 2289 de
862 2257 926 2290 illo
949 2257 1153 2290 Chremetis
1173 2257 1295 2290 vicino
1322 2258 1569 2299 proferantur.
1606 2257 1725 2296 Quid?
1747 2259 1844 2300 quod

289 2320 523 2364 Legrandius
555 2319 578 2352 l.
607 2329 635 2351 S.
661 2328 695 2360 p.
723 2317 802 2358 353,
836 2316 899 2359 qui
931 2316 1009 2359 ipse
1037 2327 1183 2358 quoque
1209 2316 1378 2348 versibus
1407 2317 1511 2348 1712
1539 2320 1619 2348 tota,
1649 2316 1686 2348 in
1718 2317 1845 2349 fabula

290 2383 343 2415 nil
368 2379 590 2423 respondere
609 2376 708 2418 dicit,
735 2376 816 2418 ipsa
834 2377 948 2408 verba
975 2376 1153 2417 „Egomet
1180 2375 1355 2408 convivas
1381 2386 1514 2407 moror.
1557 2375 1624 2408 Ibo
1652 2376 1742 2408 adeo
1761 2376 1846 2408 hinc

291 2442 411 2474 intro“
442 2439 649 2479 discrepare
676 2439 802 2468 censet
829 2446 911 2467 cum
938 2446 1047 2467 versu
1074 2435 1140 2466 211
1163 2435 1263 2476 „Ego
1290 2434 1351 2467 ibo
1378 2435 1464 2467 hinc
1488 2434 1598 2475 intro,
1624 2439 1667 2467 ut
1691 2435 1845 2476 videam,

292 2500 399 2533 nobis
433 2497 520 2541 quid
546 2506 657 2529 cenae
684 2495 799 2527 sietP⁶⁶
851 2494 980 2536 Neque
1006 2493 1158 2526 maioris
1184 2494 1361 2526 momenti
1388 2498 1456 2535 est,
1490 2494 1588 2535 quod
1619 2494 1715 2527 idem
1748 2505 1846 2527 scae-

292 2571 379 2592 nam
404 2558 501 2590 inter
525 2565 657 2588 versus
686 2554 752 2586 170
778 2558 815 2585 et
843 2554 908 2585 171
936 2564 1090 2585 vacuam
1116 2552 1276 2595 relinqui
1303 2552 1478 2585 vitiosum
1505 2564 1585 2585 esse
1612 2553 1710 2586 dicit.
1753 2553 1847 2586 Nam

295 2619 527 2651 Chremetem
561 2625 580 2647 e
616 2617 868 2657 spectatorum
901 2616 1104 2655 conspectu
1136 2612 1310 2644 decedere
1341 2616 1514 2654 putemus
1546 2623 1592 2644 ne
1617 2623 1766 2645 necesse
1793 2617 1849 2645 est

295 2677 453 2720 quidem,
481 2675 591 2706 immo
619 2677 766 2716 praeter
792 2671 996 2704 Chremetis
1023 2676 1060 2703 et
1085 2670 1292 2703 Menedemi
1318 2670 1429 2703 etiam
1448 2670 1612 2704 Phaniae
1629 2668 1788 2703 'domum
1812 2672 1849 2704 in

297 2745 429 2768 scaena
451 2745 532 2766 esse
555 2733 683 2773 visam,
704 2731 809 2764 cuius
830 2730 973 2763 foribus
995 2730 1154 2772 pulsatis
1175 2740 1286 2762 senex
1299 2729 1362 2762 ille
1385 2729 1505 2762 aliena.
1524 2731 1765 2772 percontandi
1789 2742 1848 2763 cu-

295 2795 404 2837 pidus
424 2792 558 2825 certior
574 2791 654 2823 fieri
674 2790 793 2833 possit
814 2801 852 2822 se
874 2790 992 2822 serius
1010 2789 1170 2822 vicinum
1186 2793 1359 2821 vocatum
1371 2788 1506 2828 venire,
1525 2799 1568 2820 ex
1584 2789 1654 2821 hoc
1672 2789 1753 2832 ipso
1767 2791 1848 2822 loco

294 2858 460 2897 apparet.
489 2851 541 2882 Cf.
563 2855 649 2891 Les),
676 2850 752 2882 Der
777 2860 870 2881 neue
889 2849 1090 2881 Menander
1116 2849 1152 2880 in
1172 2849 1311 2880 Herma
1327 2849 1399 2880 vol.
1419 2847 1550 2879 XLIII
1569 2849 1692 2885 (1908)
1717 2860 1750 2891 p,
1772 2850 1849 2881 1435.
