2030 3266
906 232 1194 273 *40-

279 352 455 393 multum
505 351 713 392 intererat
763 349 946 391 vicinum
999 362 1160 391 summa
1204 350 1277 391 illa
1323 350 1575 402 Clitiphonis
1618 350 1822 393 Bacchidi

280 423 485 475 promissa
523 432 765 473 emungere.
828 420 946 462 Nunc
986 425 1125 462 autem
1163 420 1365 463 audacter
1403 421 1563 462 iactare
1603 433 1650 463 se
1681 425 1824 473 potest

279 494 359 535 sihi
395 494 538 534 ambos
572 504 696 534 senes
728 491 910 532 ludibrio
941 491 1033 532 fore
1065 495 1193 542 atque
1224 491 1266 532 id
1300 504 1447 533 verum
1480 491 1670 534 dicendo.

395 564 553 614 ‚Itaque
594 574 717 604 nemo
759 574 841 603 non
884 562 1002 603 videt
1042 562 1152 603 hanc
1194 562 1381 604 fabulam
1424 552 1519 614 post
1562 563 1818 616 agnitionem

281 636 446 677 demum
471 633 648 675 solemni
671 633 785 674 servi
807 632 977 673 fallacia
995 631 1048 673 ad
1073 633 1373 684 catastrophen
1390 633 1563 684 perduci
1588 634 1656 675 vel
1678 645 1823 675 omnes

284 706 397 748 servi
436 703 772 746 machinationes
817 703 1035 754 agnitione
1079 703 1157 744 niti
1197 706 1324 754 atque
1367 704 1613 756 propagari,
1652 704 1825 745 minime

281 776 445 818 absolvi
478 780 604 825 atque
636 773 761 826 finiri,
796 773 904 824 quod
939 773 1008 815 vel
1040 773 1139 816 inde
1172 779 1363 826 apparet,
1397 774 1504 825 quod
1538 775 1759 826 Antiphila
1781 775 1823 816 in

280 847 418 889 media
452 844 666 888 comoedia
698 844 942 897 agnoscitur
973 855 1109 895 neque
1133 844 1243 885 sicut
1274 844 1317 885 in
1349 845 1521 896 reliquis
1551 846 1674 887 huius
1697 858 1824 899 gene—

280 919 338 960 ris
382 917 538 959 fabulis
583 917 625 957 in
669 919 850 957 exeunte
882 915 908 955 1.
941 927 974 956 6.
1007 920 1209 956 consueta
1241 914 1479 956 fabularum
1521 916 1563 956 in
1608 916 1825 969 agnitione

282 989 512 1041 positarum
546 992 759 1028 structura
790 986 833 1026 in
869 998 1040 1037 prorsus
1074 986 1329 1027 contrariam
1362 990 1528 1038 partem
1557 991 1717 1028 mutata
1748 992 1825 1028 est.

282 1060 400 1113 Quae
433 1072 525 1101 cum
558 1058 618 1099 ita
650 1058 748 1106 sint,
784 1056 946 1098 Cliniae
979 1057 1197 1109 negotium
1221 1056 1439 1109 agnitione
1469 1056 1632 1098 finitum
1656 1070 1680 1098 a
1702 1063 1826 1109 pocta

280 1131 522 1172 institutum
560 1141 642 1170 non
682 1127 863 1180 videtur,
903 1127 986 1169 nisi
1028 1133 1073 1168 ut
1117 1139 1165 1168 eo
1204 1126 1334 1180 Syrus
1377 1127 1429 1168 ad
1470 1128 1722 1179 Clitiphonis
1755 1129 1825 1168 ab·

282 1201 530 1243 solvendum
563 1204 718 1240 utatur.

399 1272 546 1313 Nonne
584 1282 685 1312 vero
724 1270 837 1312 idem
875 1269 956 1311 viri
998 1269 1109 1311 docti
1142 1270 1542 1321 reprehenderunt?
1576 1271 1686 1323 Quin
1720 1270 1828 1312 Nen-

282 1344 416 1385 cinius
460 1343 485 1383 l.
530 1355 560 1383 s.
605 1355 643 1393 p.
689 1340 744 1380 69
789 1341 1003 1391 expressis
1054 1341 1198 1382 verbis
1246 1340 1336 1393 „Ea
1379 1354 1491 1393 pars,
1525 1341 1675 1393 inquit,
1721 1353 1827 1393 quae

282 1414 482 1456 additicia
514 1412 784 1464 Venedigero
817 1411 999 1464 videtur,
1032 1412 1120 1453 scil.
1155 1411 1406 1463 Clitiphonis
1438 1413 1668 1465 negotium,
1703 1413 1828 1453 nimis

281 1498 384 1538 prae
426 1485 562 1525 altera
605 1483 777 1535 eminet,
817 1495 898 1534 qua
942 1482 1109 1533 quidem
1151 1487 1447 1535 argumentum
1491 1483 1683 1524 nititu1··‘.
1745 1483 1826 1525 Sed

281 1557 386 1609 ipsis
418 1556 484 1596 his
507 1554 650 1596 verbis
687 1566 795 1606 „qua
827 1553 996 1604 quidem
1025 1558 1322 1606 argumentum
1344 1553 1519 1595 nititur“
1550 1559 1741 1606 apertum
1766 1555 1826 1606 fit,

284 1640 407 1679 qnam
453 1626 730 1668 vehementer
769 1628 811 1666 et
846 1625 939 1675 ipse
972 1628 1016 1666 et
1048 1624 1346 1677 Venedigerus
1379 1629 1421 1666 et
1453 1624 1682 1667 Roetterus
1716 1637 1826 1666 erra-

282 1699 405 1740 verit.
468 1697 523 1738 Hi
556 1696 668 1738 enim
701 1695 783 1737 viri
816 1695 929 1736 docti
962 1699 1004 1736 et
1042 1695 1178 1747 prima
1219 1695 1388 1737 tabulae
1427 1708 1581 1738 scaena
1622 1701 1665 1737 et
1706 1696 1830 1737 titulo

284 1768 451 1820 decepti
505 1771 769 1818 exspectant,
819 1769 864 1807 ut
912 1770 1044 1807 totam
1092 1778 1169 1817 per
1209 1766 1393 1807 fabulam
1437 1767 1498 1807 nil
1542 1766 1632 1808 fere
1678 1773 1830 1819 agatur

282 1841 363 1882 nisi
386 1851 454 1881 res
477 1838 529 1879 ad
557 1837 780 1879 discidium
799 1837 903 1878 illud
925 1837 1037 1878 inter
1060 1836 1356 1878 Menedemum
1379 1841 1423 1879 et
1440 1837 1618 1878 0111113111
1637 1841 1829 1879 exortum

286 1911 562 1962 pertinent-es,
607 1920 700 1950 cum
742 1908 941 1960 reliquas,
988 1920 1091 1958 quas
1134 1907 1186 1949 ad
1230 1907 1440 1950 actionem
1481 1908 1666 1949 futuram
1709 1920 1828 1960 prae-

284 1981 515 2033 parandam
563 1983 760 2032 spectare
798 1991 975 2021 scaenas
1024 1978 1145 2020 modo
1195 1977 1496 2031 indicavimus,
1542 1978 1709 2019 omnino
1759 1990 1829 2019 nc-

284 2052 510 2105 glexerint.
555 2051 705 2101 Itaque
726 2050 810 2091 iam
841 2050 885 2090 in
919 2061 967 2091 eo
1000 2054 1079 2102 est,
1112 2054 1159 2090 ut
1180 2049 1322 2101 paullo
1345 2049 1608 2102 diligentius,
1639 2062 1760 2100 quam
1785 2049 1829 2090 hi

284 2123 365 2165 viri
384 2122 495 2163 docti
513 2121 720 2172 fecerunt,
746 2133 799 2162 ex
816 2125 966 2172 poetae
981 2120 1123 2161 verbis
1137 2121 1256 2173 ipsis,
1275 2120 1375 2171 quid
1389 2120 1440 2161 ad
1457 2119 1830 2161 demonstrandum

286 2205 386 2236 vere
420 2193 500 2234 sibi
535 2192 815 2244 proposuerit,
849 2203 1164 2244 cognoscamus.

403 2264 547 2305 Prima
597 2268 738 2305 autem
786 2262 957 2303 tabulae
1007 2274 1160 2303 scaena
1209 2262 1402 2303 absoluta
1440 2262 1500 2302 nil
1544 2266 1828 2314 exspectatur,

286 2336 366 2377 nisi
412 2340 459 2376 ut
507 2334 643 2375 0111113
688 2346 740 2375 ex
784 2333 889 2374 Asia
932 2332 1081 2374 redeat
1125 2336 1252 2383 atque
1297 2344 1390 2373 cum
1434 2337 1570 2385 patre,
1620 2332 1690 2383 qui
1735 2344 1830 2374 eum

286 2406 662 2449 vehementissime
694 2404 925 2456 desiderat,
959 2403 1267 2445 reconcilietur.
1330 2402 1413 2444 Sed
1450 2403 1520 2444 hic
1557 2403 1692 2444 nodus
1731 2408 1831 2444 ante

286 2477 473 2518 fabulam
504 2476 640 2527 ipsam
669 2487 804 2517 nexus
827 2475 961 2517 altera
984 2486 1139 2516 scaena
1161 2474 1334 2515 ineunte
1355 2473 1439 2514 iam
1462 2473 1624 2514 solutus
1647 2472 1830 2526 videtur,

286 2560 379 2589 cum
412 2547 548 2589 Clinia
585 2546 707 2589 adsit.
771 2546 876 2588 Nam
909 2546 945 2587 si
978 2546 1179 2589 0111611168
1211 2557 1305 2587 611111
1338 2544 1610 2586 adulescente
1642 2544 1752 2595 apud
1785 2556 1831 2586 se

286 2618 466 2661 deverso
505 2617 833 2660 communicaret
871 2621 1036 2669 patrem
1068 2628 1259 2658 maerore
1291 2616 1452 2658 victum
1484 2615 1572 2666 pati
1604 2615 1686 2656 iam
1719 2615 1831 2657 velle

288 2701 382 2731 eum
426 2690 479 2731 ad
523 2690 701 2731 amicam
754 2700 984 2741 pauperem
1029 2692 1302 2739 commetare,
1347 2699 1446 2728 num
1491 2685 1831 2728 desideraremus

289 2760 523 2813 quiequam,
564 2760 599 2801 si
637 2760 783 2802 fabula
820 2759 942 2801 modo
974 2760 1145 2811 incepta
1176 2759 1236 2800 ita
1269 2757 1320 2799 ad
1352 2757 1479 2800 finem
1512 2756 1829 2809 perduceretur,

286 2834 334 2871 ut
375 2830 512 2872 Clinia
554 2831 635 2872 iam
678 2831 938 2873 laetissimus
981 2830 1090 2881 patri
1135 2842 1181 2872 se
1224 2828 1427 2871 dederet?
1490 2826 1571 2869 Sed
1617 2827 1830 2869 (¹hremeti
