2030 3266
867 261 1115 299 .,7.-

210 375 454 432 prehendit,
509 379 618 429 quod
670 378 912 420 Menedemi
960 377 1145 419 dolorem
1199 389 1352 419 curans
1405 390 1502 420 suos
1554 376 1754 419 convivas

208 453 393 491 moratus
442 447 662 501 5113072),
704 448 788 489 iam
833 460 956 498 quam
999 448 1219 490 celerrime
1251 448 1441 490 abiturus
1474 451 1550 490 est.

325 520 388 562 Sc.
398 517 727 573 Ilum—212).
746 518 829 561 Sed
844 518 990 560 eodem
1004 519 1208 570 temporis
1220 522 1430 560 momento
1444 518 1628 570 Clitipho
1644 517 1755 558 filius

207 592 306 643 exit,
320 592 388 642 qui
408 591 446 632 ei
463 590 630 631 nuntiet
645 590 838 643 Cliniam,
857 589 984 631 vicini
998 589 1142 642 filium,
1156 601 1331 640 quocum
1345 589 1559 630 artissima
1571 588 1757 630 amicitia

207 662 455 703 coniunctus
499 659 608 713 sit1),
653 673 705 702 ex
737 660 842 702 Asia
873 649 1078 702 reducem*
1104 660 1216 712 apud
1248 672 1295 702 se
1327 659 1619 711 devertisse²)‚
1662 671 1754 701 cum

208 745 318 774 nunc
358 732 486 774 etiam
519 731 655 783 patris
687 731 793 772 iram
825 731 950 773 valde
984 731 1151 783 timeat3
1185 730 1237 772 ad
1266 731 1440 773 amicam
1479 742 1625 772 servos
1662 741 1755 772 esse

208 803 369 844 missos.
431 802 591 855 Quibus
639 803 766 844 rebus
809 802 1037 853 compertis
1071 802 1274 844 Chremes
1306 802 1378 843 vix
1421 801 1562 843 facere
1601 804 1754 852 potest,

209 874 306 925 quin
350 873 496 915 statim
538 873 650 914 hunc
692 873 884 914 nuntium
928 877 1015 914 tam
1058 875 1302 924 exoptatum
1345 884 1435 913 cum
1482 872 1635 912 misero
1684 871 1756 912 illo

323 990 351 1032 ¹)
378 989 424 1021 Et
450 989 667 1021 Boetterum
700 990 723 1022 l.
751 999 777 1021 s.
804 1000 838 1031 p.
866 990 884 1021 7
919 993 956 1021 et
987 988 1352 1021 Herrmanowskium
1384 989 1406 1020 l.
1434 1000 1462 1020 s.
1488 998 1524 1030 p.
1551 988 1595 1019 23
1628 992 1664 1019 et
1689 987 1755 1018 Le-

208 1049 403 1091 grandium
429 1049 451 1080 1.
473 1059 500 1080 s.
519 1059 552 1090 p.
573 1048 640 1079 352
667 1048 705 1080 id
730 1047 893 1089 offendit,
921 1048 1019 1089 quod
1039 1047 1199 1090 Clitipho
1224 1051 1365 1090 patrem
1391 1051 1580 1089 tamquam
1597 1046 1756 1078 alienum

207 1108 250 1140 de
276 1107 462 1140 artissima
486 1107 551 1139 illa
576 1106 749 1147 amicitia,
776 1117 849 1148 qua
874 1106 957 1138 inde
984 1118 1005 1139 a
1031 1106 1190 1148 pueritia
1215 1117 1298 1139 cum
1317 1106 1435 1138 Clinia
1458 1105 1678 1138 coniunctus
1697 1104 1754 1145 sit,

207 1166 399 1199 certiorem
416 1165 539 1207 faciat,
556 1177 639 1198 cum
657 1165 876 1208 praesertim
894 1166 1027 1198 horum
1045 1165 1267 1208 „aiiiicorum
1283 1169 1393 1208 atque
1413 1164 1641 1206 aequalium“
1658 1164 1755 1205 (417)

209 1230 333 1269 patres
359 1236 512 1268 prorsus
547 1224 617 1257 sibi
643 1224 793 1266 ignotos
819 1235 899 1257 esse
925 1224 1002 1256 veri
1028 1224 1075 1256 sit
1101 1224 1395 1258 dissimillimum.
1447 1223 1527 1262 Qua
1553 1223 1596 1254 de
1622 1222 1754 1254 discre-

208 1285 335 1327 pantia
362 1295 454 1326 quae
481 1284 638 1325 videtur,
667 1282 827 1315 Siessius
854 1284 876 1316 1.
905 1294 932 1315 s.
952 1294 984 1326 p.
1007 1284 1074 1315 253
1102 1294 1159 1315 an.
1189 1284 1218 1315 1.
1244 1282 1448 1316 rectissime
1474 1281 1613 1314 iudicat
1638 1281 1753 1313 hisce:

210 1344 296 1386 „Bei
335 1344 415 1375 dem
447 1343 624 1384 geringen
649 1343 871 1384 Vertrauen,
910 1342 975 1374 das
1007 1342 1044 1374 111
1076 1341 1207 1374 beiden
1232 1343 1405 1374 Hausern
1437 1341 1617 1373 zwischen
1643 1341 1755 1373 Vater

207 1403 281 1435 und
309 1403 410 1435 Sohn
436 1402 618 1443 herrscht,
650 1401 700 1433 ist
726 1412 764 1434 es
790 1401 892 1434 nicht
919 1413 964 1433 zu
990 1401 1241 1442 verwundern,
1275 1401 1359 1433 dass
1385 1400 1511 1433 keiner
1537 1400 1600 1431 der
1624 1398 1754 1431 beiden

208 1463 319 1494 Vater
345 1461 423 1493 sich
455 1472 516 1493 um
552 1461 608 1492 die
635 1461 1055 1493 Schulfreundschaften
1088 1461 1150 1492 des
1178 1461 1320 1493 Sohnes
1352 1460 1583 1501 gekiimmert
1608 1459 1683 1491 hat.
1712 1476 1752 1481 —

206 1521 307 1554 Jetzt
333 1520 487 1562 freilich,
515 1521 561 1552 da
587 1519 650 1552 der
676 1520 822 1552 Freund
847 1524 957 1552 unter
983 1519 1121 1551 seinem
1147 1519 1271 1551 Dache
1298 1518 1396 1551 weilt
1422 1518 1496 1550 und
1523 1517 1643 1549 seiner
1656 1516 1755 1548 Hilfe

208 1580 447 1613 unmittelbar
471 1579 611 1620 bedarf,
637 1589 740 1610 muss
768 1578 930 1621 Clitipho
958 1579 1027 1610 den
1053 1579 1167 1611 Vater
1191 1578 1474 1619 notgedrungen
1500 1576 1537 1608 111
1563 1575 1619 1608 die
1640 1576 1756 1608 Sache

207 1639 442 1672 einweihen“.
493 1639 577 1670 Huc
611 1637 762 1679 accedit,
796 1638 894 1680 quod
928 1648 946 1669 e
972 1637 1167 1670 Bacchidis
1201 1637 1264 1669 illo
1291 1647 1414 1669 amore
1443 1634 1689 1677 Clitiphonem
1720 1633 1756 1665 in

207 1699 297 1731 urbe
324 1699 442 1730 solere
460 1697 574 1729 vitam
601 1697 733 1738 degere
761 1696 1054 1729 concludendum
1074 1696 1231 1729 videtur.
1282 1697 1414 1737 Itaque
1441 1695 1471 1727 si
1498 1705 1542 1726 ex
1568 1705 1640 1736 quo
1667 1698 1756 1726 tem-

207 1768 295 1800 pore
322 1767 427 1789 senes
455 1756 564 1787 vicini
593 1760 680 1787 sunt
707 1756 806 1797 facti,
833 1755 950 1797 patris
968 1755 1094 1787 villam
1121 1755 1226 1787 Halis
1254 1755 1363 1787 sitam
1389 1765 1463 1786 non
1489 1754 1578 1785 visit
1603 1753 1673 1785 nisi
1699 1752 1756 1784 his

208 1817 312 1849 festis
333 1816 472 1857 diebus,
494 1814 668 1857 perfacile
695 1819 751 1846 est
769 1814 972 1856 intellectu,
992 1815 1089 1856 quod
1109 1825 1154 1846 ne
1172 1824 1237 1856 per
1254 1818 1330 1846 tres
1344 1813 1428 1845 illos
1446 1824 1589 1845 menses
1611 1812 1756 1854 quidem

207 1876 304 1919 (118)
344 1886 426 1907 011111
464 1885 506 1906 eo
547 1874 590 1906 de
620 1884 717 1906 novo
754 1873 876 1906 vicino
917 1873 986 1906 sibi
1025 1873 1219 1905 notissimo
1259 1873 1371 1905 verba
1403 1872 1500 1904 fecit.
1535 1872 1580 1904 cf.
1610 1872 1676 1902 180
1703 1881 1755 1912 sq.

210 1936 339 1975 „Hunc
375 1933 631 1966 Menedemum
668 1932 793 1964 nostin
824 1938 993 1964 nostrum
1032 1932 1210 1964 vicinum?
1291 1932 1422 1964 Probe.
1460 1945 1475 1975 Ι
1513 1930 1610 1962 Huic
1641 1929 1756 1961 filium

208 1994 279 2025 scis
307 1993 411 2025 esse‘?
442 1991 456 2037 ΙΙ
485 1991 622 2024 Audivi
648 2002 743 2024 esse:
771 1991 809 2023 in
834 1992 934 2024 Asia.
966 2004 979 2035 ΙΙ
1010 1992 1093 2023 Non
1120 1998 1186 2033 est,
1214 1996 1336 2034 pater:
1360 1993 1364 2032 1
1387 1990 1497 2033 Apud
1523 2000 1591 2021 nos
1619 1992 1706 2021 est.“

328 2050 355 2094 2)
370 2051 616 2092 Legrandium
631 2052 654 2084 l.
674 2061 700 2083 s.
720 2062 754 2093 p.
770 2051 837 2082 352
857 2050 991 2083 iniuria
1006 2050 1141 2091 mirari,
1157 2050 1255 2092 quod
1274 2050 1435 2092 Clitipho
1451 2060 1518 2081 sua
1533 2057 1663 2090 sponte
1685 2058 1756 2079 11011

208 2111 315 2143 modo
336 2110 493 2142 amicum
507 2110 544 2141 in
565 2110 673 2142 aedes
687 2109 827 2152 patrias
840 2109 982 2152 recipit,
1004 2110 1067 2141 sed
1082 2109 1191 2141 etiam
1207 2109 1285 2142 eius
1307 2109 1461 2141 amicam
1480 2108 1569 2140 111110
1590 2105 1755 2147 arcessit,

208 2181 250 2202 ex
266 2170 329 2209 eis,
345 2180 438 2212 quae
453 2169 496 2201 de
511 2180 601 2201 cena
615 2168 839 2209 Dionysiaca
852 2168 961 2200 modo
976 2168 1212 2210 exposuimus
1226 2168 1389 2211 (cf.p.3),
1403 2167 1493 2199 satis
1508 2165 1755 2207 cognoscitur.

209 2229 301 2261 Nam
320 2228 480 2270 Clitipho
506 2227 653 2259 minime
670 2227 819 2268 ignorat
836 2232 978 2269 patrem
997 2227 1154 2260 libenter
1179 2232 1413 2269 recepturum
1440 2237 1519 2258 esse
1547 2230 1756 2266 utrumque,

208 2299 289 2320 cum
308 2287 365 2319 his
378 2287 499 2319 verbis
520 2286 676 2319 amicum
691 2288 903 2318 consoletur
918 2287 984 2318 175
999 2298 1052 2328 sq.
1070 2287 1201 2327 „Haud
1220 2297 1403 2328 quaquam
1422 2285 1532 2317 etiam
1551 2288 1708 2323 cessant,
1732 2283 1735 2324 l

208 2352 244 2379 et
281 2346 381 2379 illam
423 2345 531 2377 simul
567 2357 647 2378 cum
687 2346 817 2377 nuntio
856 2345 914 2377 hic
955 2345 1022 2377 tibi
1063 2346 1274 2377 adfuturam
1309 2345 1416 2376 hodie
1456 2344 1565 2376 scio.“
1628 2342 1754 2383 Neque

208 2416 293 2438 vero
321 2406 550 2437 Chremetem
577 2405 620 2437 de
646 2404 860 2447 Antiphilae
887 2405 1047 2437 adventu
1074 2404 1181 2436 nimis
1209 2404 1327 2436 obiter
1351 2404 1543 2436 certiorem
1568 2401 1646 2434 fieri
1673 2411 1754 2433 cum

208 2463 530 2496 Herrmanowskio
557 2465 579 2495 l.
605 2474 632 2495 s.
651 2474 685 2505 p.
703 2464 747 2494 22
775 2463 859 2495 inde
885 2463 1178 2495 concludendum
1204 2468 1270 2504 est,
1298 2463 1396 2505 quod
1413 2462 1474 2494 ille
1501 2463 1569 2493 hoc
1596 2461 1676 2491 1000
1703 2458 1755 2490 1111

209 2523 386 2565 comperit
422 2523 493 2554 nisi
524 2533 650 2554 servos
686 2523 731 2554 ad
769 2533 849 2554 eam
888 2533 968 2555 esse
1005 2522 1138 2554 missos
1175 2523 1289 2564 (191),
1329 2532 1422 2564 quae
1456 2521 1603 2563 quidem
1643 2519 1756 2550 verba

209 2581 355 2613 omnino
375 2581 522 2613 silentio
541 2581 729 2623 praeterit.
762 2581 858 2613 Fieri
877 2581 973 2613 enim
990 2586 1125 2623 potest,
1147 2586 1188 2613 ut
1207 2581 1313 2622 virgo
1333 2581 1396 2612 illa
1421 2580 1562 2611 interea
1580 2581 1754 2619 corrupta

209 2640 256 2672 sit
274 2641 381 2682 (189),
407 2640 533 2681 itaque
553 2640 713 2682 Clitipho
738 2644 854 2682 cavet,
881 2651 927 2672 ne
957 2651 1036 2672 eam
1055 2641 1295 2673 adventuram
1314 2650 1394 2672 esse
1417 2638 1532 2681 ipsam
1559 2637 1629 2669 iam
1657 2646 1754 2667 1111110

210 2698 305 2740 patri
323 2699 430 2731 dicat.
469 2700 538 2731 Illo
558 2709 644 2731 vero
664 2698 811 2730 silentio
833 2710 875 2731 ea
898 2710 937 2731 re
956 2699 1046 2731 satis
1065 2700 1233 2741 probato,
1249 2698 1347 2740 quod
1369 2698 1542 2729 Chremes
1560 2695 1671 2729 vicini
1688 2694 1753 2726 mi-

209 2757 429 2790 sericordiae
455 2759 586 2800 plenus
612 2758 664 2789 nil
690 2757 782 2790 scire
815 2758 916 2799 cupit
941 2757 1012 2789 nisi
1040 2769 1112 2799 quo
1139 2757 1259 2790 animo
1287 2757 1335 2789 sit
1350 2756 1468 2788 Clinia
1494 2755 1601 2787 modo
1628 2754 1753 2795 redux,

211 2820 319 2858 poeta
345 2816 434 2848 scite
461 2816 682 2858 assequitur,
709 2827 754 2848 ne
780 2817 850 2847 hoc
875 2816 947 2848 iam
973 2817 1054 2848 loco
1082 2816 1124 2847 de
1151 2815 1343 2858 Antiphila
1361 2817 1473 2847 verba
1499 2815 1618 2856 facere
1645 2823 1753 2853 coga-

211 2879 282 2916 tur,
308 2885 374 2916 pro
402 2886 474 2916 qua
500 2875 721 2908 Bacchidem
749 2876 793 2907 ad
822 2875 919 2907 senis
946 2874 1062 2917 ipsius
1090 2885 1216 2907 cenam
1244 2875 1423 2906 ducturus
1450 2879 1515 2905 ost.
