2030 3266
815 273 1100 313 —21——

187 378 413 433 exclamet:
457 391 622 443 ‚,Mane‚
655 403 792 442 mane,
825 390 922 441 quid
956 395 1035 443 est,
1069 391 1176 442 quod
1212 396 1297 433 tam
1330 405 1354 433 a
1386 392 1507 433 nobis
1540 392 1733 444 graviter

183 466 440 513 crepuerunt
471 460 680 511 fores?“¹)

300 531 364 573 Sc.
396 532 457 573 IV
490 530 591 585 (614
610 554 626 558 -
655 530 768 585 667).
822 531 959 573 Mater
990 532 1103 573 enim
1135 529 1320 574 familias
1353 545 1446 574 cum
1478 533 1643 575 nutrice
1675 533 1728 575 de

182 602 307 644 anulo
355 602 533 654 quodam
573 602 917 654 recognoscendo
959 602 1200 653 colloquens
1245 601 1396 655 exit2),
1444 608 1490 645 ut
1531 605 1725 645 maritum

183 678 370 723 quaerat.
432 672 521 713 Iam
560 684 643 713 anu
674 672 855 714 remissa
887 684 979 714 cum
1014 685 1062 715 eo
1095 674 1377 716 communicat
1408 674 1577 715 anulum
1609 674 1725 716 illum

181 756 205 784 a
237 743 405 795 virgine
436 742 489 784 ad
522 754 568 784 se
601 742 783 785 adducta
811 743 854 784 in
873 743 1056 785 lavando
1079 743 1317 786 detractum
1339 756 1435 787 esse
1459 757 1568 797 eum,
1604 757 1725 796 quem

179 813 278 855 olim
310 813 464 855 filiolae
496 813 716 865 expositae
748 814 1004 865 apposuerit.
1055 814 1257 857 Chremes
1289 819 1443 867 autem,
1478 828 1726 867 quamquam

180 884 359 936 primum
383 883 553 935 quidem
573 884 717 926 facere
743 884 903 937 nequit,
936 885 1036 936 quin
1059 897 1245 938 uxorem,
1275 886 1431 938 quippe
1453 887 1519 928 cui
1542 887 1727 938 puellula

180 954 254 995 illa
286 954 477 996 necanda
509 954 638 996 fuerit
660 952 831 1009 (635)³)‚
865 955 1238 998 vehementissime
1260 956 1465 1008 increpet,
1499 962 1639 999 tamen
1663 958 1725 999 ira

178 1025 312 1066 lenita
350 1025 442 1076 ipse
481 1025 525 1066 in
564 1025 673 1066 hanc
714 1037 800 1067 rem
840 1026 1055 1076 inquirere
1088 1026 1192 1078 vult,
1231 1032 1278 1068 ut
1315 1027 1427 1069 unde
1465 1028 1616 1070 mulier
1652 1029 1725 1070 illa

179 1095 349 1137 anulum
381 1096 556 1148 ceperit,
590 1100 828 1148 cognoscat.
881 1095 1035 1138 Filiola
1057 1097 1169 1138 enim
1191 1101 1292 1138 nata
1323 1109 1370 1139 se
1390 1098 1570 1140 alterum
1595 1099 1722 1140 filium

177 1166 328 1208 tollere
367 1178 491 1217 posse
523 1178 618 1208 sese
651 1178 861 1218 sperasse,
902 1179 1012 1208 nunc
1043 1179 1136 1209 cum
1169 1172 1257 1209 tam
1289 1168 1463 1220 grandis
1496 1174 1598 1211 natu
1630 1170 1724 1221 plus

178 1249 304 1277 unum
328 1237 458 1278 filium
482 1249 564 1278 non
586 1236 758 1289 habeat,
781 1249 826 1278 se
849 1236 902 1278 ad
923 1236 1053 1278 filiam
1075 1238 1212 1290 ipsam
1228 1239 1514 1290 recipiendam
1531 1246 1723 1292 paratum

178 1320 273 1350 esse
304 1308 422 1349 uxori
455 1307 572 1360 dicit,
605 1307 760 1359 quippe
793 1320 900 1358 quae
931 1308 1141 1350 insuetam
1163 1309 1272 1350 hanc
1294 1310 1433 1351 mariti
1455 1311 1723 1353 clementiam

178 1379 552 1420 vehementissime
584 1378 818 1420 admiretur
849 1378 954 1431 (664
985 1380 1089 1430 sqq.)
1102 1379 1143 1429 4).

296 1519 323 1561 ¹)
350 1519 450 1550 Haec
476 1519 589 1550 verba
613 1518 880 1551 Dziatzkonem
906 1518 959 1561 (in
985 1519 1071 1552 edit.
1098 1520 1275 1561 Tauchn.‚
1308 1520 1352 1554 cf.
1380 1521 1493 1563 praef.
1520 1532 1554 1564 p.
1580 1523 1723 1565 XXIV)

177 1577 381 1610 rectissime
409 1576 594 1609 Chremeti
619 1577 782 1610 tribuere
810 1582 972 1620 apparet.

293 1635 321 1679 ²)
358 1636 465 1676 Quod
503 1636 734 1678 Legrandius
780 1637 802 1671 l.
842 1647 872 1670 S.
908 1647 941 1679 p.
979 1637 1048 1669 353
1087 1637 1312 1670 declaratum
1355 1649 1429 1670 non
1478 1650 1557 1672 esse
1604 1646 1721 1683 putat,

177 1695 275 1737 quod
321 1694 493 1727 mulieres
541 1705 665 1728 secum
712 1696 966 1737 colloquentes
1015 1695 1123 1727 domo
1177 1700 1329 1738 exeant,
1381 1697 1569 1731 Sostratae
1612 1701 1723 1732 verba

178 1753 271 1795 „Sed
302 1758 499 1796 postquam
531 1753 668 1796 aspexi,
700 1753 785 1786 ilico
812 1754 980 1796 cognovi,
1016 1754 1062 1786 ad
1093 1759 1129 1787 te
1160 1754 1272 1787 exilui
1305 1756 1423 1798 (656)“
1457 1767 1530 1789 non
1561 1758 1723 1801 respicit.

174 1813 290 1844 Immo
330 1812 429 1854 quod
465 1812 635 1844 Sostrata
669 1812 893 1854 colloquium
929 1824 1012 1845 curn
1045 1813 1189 1845 nutrice
1213 1813 1401 1857 inceptum
1434 1826 1507 1848 non
1533 1816 1633 1849 intus
1660 1819 1721 1851 ab·

176 1870 296 1913 solvit,
336 1871 400 1904 sed
437 1882 520 1903 cum
558 1882 601 1904 ea
639 1875 714 1903 tam
753 1871 877 1903 subito
910 1872 1010 1904 foras
1042 1872 1188 1915 proruit
1221 1872 1393 1906 maritum
1426 1875 1644 1918 quaesitum,
1681 1882 1722 1909 ut

175 1930 348 1963 Chremes
373 1930 496 1963 verbis
527 1930 600 1962 illis
635 1930 777 1972 „Mane,
810 1941 915 1963 mane
947 1941 977 1963 e.
1005 1943 1038 1973 q.
1065 1934 1115 1963 s.“
1168 1932 1261 1973 Syro
1292 1931 1578 1976 interloquatur,
1614 1946 1720 1968 verae

178 1988 305 2021 matris
338 1989 482 2021 animus
519 1989 659 2021 incerto
698 1989 833 2030 gaudio
873 1991 992 2022 elatus
1026 1994 1138 2032 atque
1169 1992 1409 2033 perturbatus
1436 1992 1720 2027 demonstratur.

295 2048 322 2090 ³)
348 2048 401 2079 Ex
428 2048 497 2080 hoc
529 2049 610 2080 loco
646 2047 782 2081 liberos
814 2059 889 2080 non
921 2049 1030 2081 modo
1066 2049 1271 2092 expositos,
1299 2050 1363 2083 sed
1395 2050 1580 2084 interdum
1612 2053 1720 2086 etiam

177 2106 393 2138 interfectos
419 2117 499 2138 esse
526 2107 775 2148 cognoscitur,
802 2118 875 2149 qua
900 2107 944 2140 de
968 2118 1007 2140 re
1033 2108 1078 2141 cf.
1105 2108 1513 2153 Schoemann-Lipsius,
1540 2111 1583 2143 G.
1609 2112 1652 2144 A.
1679 2113 1719 2145 1⁴

175 2176 209 2207 p.
236 2166 303 2197 545
330 2176 387 2198 an.
414 2165 445 2196 2.

291 2222 317 2265 4)
343 2223 544 2256 Roetterus
570 2225 593 2256 1.
621 2235 648 2258 s.
674 2235 708 2267 p.
738 2225 780 2257 12
812 2225 881 2257 hoc
918 2225 1017 2267 loco,
1053 2236 1137 2259 cum
1169 2226 1281 2259 filiam
1313 2227 1456 2271 cupiat,
1491 2228 1719 2263 Chremetem

174 2282 242 2315 sibi
268 2282 385 2315 filium
410 2293 490 2315 esse
524 2283 693 2316 oblivisci
725 2288 844 2327 putat,
879 2295 952 2326 qua
986 2295 1029 2317 ex
1062 2296 1101 2318 re
1128 2284 1348 2329 Clitiphonis
1385 2291 1509 2329 partes
1541 2299 1562 2320 a
1595 2288 1721 2322 fabula

174 2341 400 2374 Menandrea
426 2341 564 2374 alienas
591 2352 671 2375 esse
697 2341 895 2375 concludit.
939 2343 1009 2376 Sed
1035 2354 1145 2385 quam
1170 2355 1361 2388 perperam
1378 2346 1491 2378 verba
1507 2346 1571 2379 illa
1593 2347 1719 2386 „Nunc

173 2399 226 2432 ita
251 2404 396 2442 tempus
422 2400 504 2442 fert,
539 2401 588 2433 mi
614 2405 656 2433 ut
688 2401 832 2444 cupiam
858 2401 971 2434 filiam
1003 2402 1123 2446 (667ss
1165 2403 1429 2446 interpretatus
1462 2404 1520 2446 sit,
1552 2406 1719 2448 pluribus

174 2469 356 2502 exponere
382 2470 456 2491 non
482 2464 640 2502 oportet.
675 2460 726 2492 At
751 2465 957 2494 memoratu
983 2461 1241 2503 dignissimum
1267 2466 1324 2495 est
1348 2462 1386 2495 in
1411 2474 1508 2496 nova
1533 2465 1721 2498 comoedia

172 2522 297 2560 patres
335 2517 482 2550 omnino
527 2519 611 2561 plus
646 2519 738 2551 duos
772 2519 909 2552 liberos
942 2521 1073 2553 tollere
1113 2531 1188 2553 non
1226 2522 1355 2555 solere.
1415 2522 1513 2561 Quin
1545 2523 1655 2555 etiam
1689 2524 1718 2556 si

174 2576 331 2618 quando,
358 2581 399 2609 ut
424 2578 495 2610 hoc
520 2577 600 2620 ipso
633 2578 727 2618 loco,
753 2578 867 2611 filiola
893 2578 980 2611 olim
1006 2579 1174 2622 exposita
1204 2579 1396 2623 inopinato
1429 2582 1718 2624 recognoscitur,

173 2645 218 2667 ne
243 2634 296 2667 ita
322 2635 470 2677 quidam
496 2637 573 2668 ulla
598 2635 636 2668 in
662 2637 788 2669 fabula
813 2637 866 2679 fit,
892 2642 935 2669 ut
959 2642 1131 2680 parentes
1157 2642 1233 2671 tres
1259 2639 1420 2672 habeant
1437 2639 1583 2672 liberos.
1610 2641 1720 2674 Velut

173 2693 210 2725 in
236 2693 376 2726 Andria
402 2694 575 2727 Chremes
602 2695 773 2737 Glycerio
800 2695 928 2738 agnita
953 2696 1045 2729 duas
1070 2697 1182 2730 habet
1207 2697 1314 2739 filias,
1339 2697 1378 2730 in
1403 2698 1581 2730 Eunucho
1609 2699 1718 2733 Chre-

172 2762 249 2784 mes
275 2762 437 2785 sororem
462 2758 674 2796 recuperat,
710 2754 797 2787 item
836 2754 944 2787 Miles
976 2754 1013 2787 in
1045 2755 1284 2797 Curculione,
1316 2755 1354 2788 in
1386 2756 1552 2789 Poenulo
1585 2758 1717 2791 Hanno

172 2811 298 2843 ambas
324 2810 418 2843 filias
452 2811 602 2852 invenit,
635 2812 673 2845 in
706 2813 930 2845 Phormione
964 2813 1144 2856 Demipho
1178 2814 1425 2858 Antiphonem
1459 2815 1571 2848 habet
1602 2816 1717 2849 filium

171 2868 344 2911 filamque
362 2870 491 2902 Lemni
515 2875 651 2913 natam,
678 2871 716 2904 in
743 2871 950 2905 Cistellaria
963 2872 1145 2916 Demipho
1165 2873 1309 2906 Selenio
1330 2873 1480 2915 cognita.
1498 2874 1589 2907 duas
1607 2875 1719 2909 habet
