2030 3266
845 262 1103 301 —5—

198 377 349 429 seipse
361 378 509 429 puniat
526 410 541 426 ‚,
550 389 742 430 parcens⁷
757 389 978 429 quae1·enS‚
989 376 1074 418 filio
1087 377 1279 418 serviens
1291 377 1435 429 (155)st
1451 377 1493 429 1).
1508 377 1586 418 His
1600 377 1743 419 verbis

197 448 352 489 auditis
399 450 599 490 Chremes
642 448 723 489 etsi
764 447 906 489 facere
947 459 1029 488 non
1074 451 1225 499 potest,
1269 448 1367 498 quin
1400 448 1536 489 vicmo
1579 448 1743 489 crimini

197 518 282 570 det,
313 519 430 569 quod‘
447 519 575 559 filium
598 518 707 559 male
727 517 950 559 tractando
973 518 1065 569 ipse
1088 518 1284 559 miserias
1306 518 1402 559 illas
1426 518 1507 559 sibi
1530 519 1744 569 paraverit

197 588 296 635 (151
325 594 444 641 sqq),
478 594 620 630 tamen
652 588 942 630 misericordia
964 593 1195 630 commotus
1219 589 1363 629 statim
1387 601 1480 629 eum
1504 601 1585 629 non
1609 589 1742 630 solum

198 660 324 700 filiuni
352 659 601 700 brevissimo
623 664 813 710 tempore
834 663 1184 710 recuperaturum
1206 671 1304 701 esse
1315 657 1346 712 2)
1373 659 1487 707 dicit,
1517 659 1590 701 sed
1616 660 1742 701 etiam

196 813 218 844 1.
246 822 273 843 5.
300 822 335 853 p,
363 812 433 853 12),
472 811 535 842 ubi
560 812 664 843 Daus
701 822 830 843 servus
862 821 1042 853 pauperes
1077 822 1115 843 50
1151 811 1284 843 abdere
1318 810 1406 842 dicit
1440 811 1570 843 debere
1597 813 1655 843 vel
1680 822 1742 843 rus

196 871 253 902 vel
277 869 315 901 in
342 869 605 913 solitudinem).
658 870 823 909 Quacum
848 881 887 902 re
914 869 1050 912 optime
1077 869 1260 911 congruit,
1288 870 1383 912 quod
1409 881 1430 901 a
1447 870 1649 901 Menandro
1678 870 1740 902 illo

195 939 278 960 vere
304 928 523 961 Atheniensi
551 939 659 971 saepe
686 929 870 970 agricolae
896 929 1114 969 illuduntur,
1141 940 1325 970 nusquam
1351 939 1510 969 scurrae,
1539 940 1631 970 quos
1657 929 1742 961 Phi-

196 989 290 1019 lemo
329 988 423 1019 solet
457 987 707 1029 perstringere
739 988 896 1020 Athenis
929 999 1002 1019 non
1037 991 1146 1020 natus
1179 988 1240 1030 (cf.
1267 987 1406 1027 Dietze,
1441 988 1496 1019 De
1529 987 1743 1020 Philemone

197 1046 347 1088 comico,
375 1046 472 1078 Diss.
494 1046 659 1088 Gotting.
689 1047 777 1078 1901
805 1058 839 1089 p.
860 1047 931 1086 53).
982 1047 1114 1088 Itaque
1141 1057 1248 1078 nemo
1274 1057 1350 1078 11011
1376 1046 1576 1088 cognoscit,
1605 1053 1742 1088 quanto

196 1105 311 1137 maior
345 1104 616 1146 spectatoribus
642 1104 932 1137 Atheniensibus
965 1104 1171 1137 Menedemi
1202 1115 1321 1147 poena
1347 1105 1425 1137 visa
1461 1104 1509 1136 sit
1535 1116 1644 1147 quam
1671 1106 1742 1137 Ro-

195 1163 322 1205 manis,
360 1163 423 1205 qui
461 1175 505 1196 ne
544 1163 754 1196 sentiebant
792 1164 952 1206 quidem,
992 1175 1101 1205 quam
1140 1164 1286 1205 egregie
1323 1168 1434 1206 poeta
1467 1164 1629 1196 Graecus
1663 1164 1742 1206 ipso

195 1222 339 1254 nomine
366 1222 572 1254 Menedemi
603 1222 661 1254 sui
686 1213 862 1265 puniendi
889 1223 1052 1254 studium
1079 1223 1333 1264 expressisset,
1367 1223 1500 1265 quippe
1528 1233 1635 1264 quein
1662 1233 1743 1255 eum

194 1292 272 1314 esse
306 1281 580 1322 significaverit,
617 1281 680 1322 qui
713 1281 810 1313 ruris
846 1281 894 1313 sit
928 1281 1083 1324 cupidus
1110 1282 1162 1328 (tf
1188 1292 1285 1314 men-
1312 1296 1357 1310 1
1384 1281 1462 1313 sich
1496 1281 1533 1313 in
1560 1282 1628 1313 den
1655 1282 1740 1313 Sinn

194 1340 360 1381 bringen,
380 1340 424 1372 cf.
445 1340 555 1386 μένος
573 1341 793 1381 Verlangen,
816 1340 954 1381 Meyer,
974 1340 1106 1373 Handb
1138 1341 1170 1374 d.
1190 1340 1327 1382 griech.
1345 1341 1506 1381 Etymol.
1524 1341 1586 1373 IV.
1604 1351 1638 1382 p.
1659 1341 1742 1381 3683

194 1399 276 1432 voci
302 1404 425 1431 autem
452 1400 573 1445 δῆμος,
607 1410 680 1441 qua
712 1410 783 1431 usu
810 1399 964 1431 solemni
997 1410 1125 1431 senum
1151 1399 1374 1431 comicorum
1408 1399 1605 1431 morositas
1633 1400 1743 1441 signi-

194 1460 334 1498 ficetur,
361 1458 457 1489 ruris
476 1458 665 1490 notionem
690 1458 810 1490 inesse
838 1458 961 1499 811055,
987 1458 1042 1490 De
1067 1469 1310 1501 personarum
1337 1458 1509 1499 antiquae
1536 1459 1744 1491 comoediae

194 1517 339 1549 Atticae
366 1527 437 1548 usu
464 1522 574 1558 atque
601 1516 754 1558 origine,
782 1517 879 1549 Diss.
908 1516 1037 1549 Gissae
1066 1518 1155 1549 1905
1183 1528 1217 1559 p.
1237 1518 1311 1548 r102
1339 1528 1393 1559 sq.
1419 1518 1672 1559 demonstrat).

312 1576 338 1618 1)
366 1575 622 1607 Menedemum
648 1575 794 1608 minime
821 1576 923 1607 avari
950 1575 1047 1608 senis
1074 1576 1231 1618 speciem
1258 1576 1385 1617 fugere
1413 1581 1575 1618 apparet.
1612 1576 1743 1618 Itaque

193 1634 492 1668 Herrnianowski
518 1635 539 1666 l.
561 1645 586 1667 s.
608 1645 641 1677 p.
661 1635 707 1666 24
734 1635 919 1667 sententia
945 1639 1002 1666 est
1021 1634 1258 1677 repudianda,
1287 1635 1350 1677 qui
1374 1635 1619 1677 reprehendit,
1648 1636 1745 1677 quod

193 1703 311 1734 neque
339 1693 498 1735 Clitipho
534 1704 653 1735 neque
680 1694 795 1734 Syrus
821 1704 949 1725 verum
984 1693 1081 1725 senis
1109 1693 1270 1725 animum
1303 1693 1540 1736 perspexerit.
1584 1694 1743 1737 Clitipho

193 1752 299 1791 enim,
327 1752 390 1794 qui
415 1763 525 1794 quam
551 1752 640 1784 dure
666 1753 775 1784 homo
802 1752 864 1784 ille
891 1763 1024 1793 avarus
1053 1752 1209 1784 amicum
1229 1752 1456 1793 tractaverit,
1484 1764 1559 1784 non
1585 1752 1743 1793 ignorat,

193 1811 267 1842 filio
304 1811 412 1853 pulso
452 1810 529 1842 eius
565 1810 757 1843 avaritiam
798 1811 908 1842 etiam
935 1811 1130 1843 adauctam
1163 1821 1243 1843 esse
1269 1811 1348 1843 iure
1377 1816 1511 1852 censet,
1549 1822 1631 1843 011111
1660 1822 1743 1844 011111

193 1869 326 1902 cotidie
363 1869 401 1901 in
434 1880 523 1911 agro
557 1870 726 1901 laborare
762 1869 866 1902 sciat.
917 1870 972 1901 Ac
1002 1879 1048 1902 ne
1076 1870 1191 1910 Syrus
1225 1870 1371 1912 quidem
1405 1871 1449 1902 ab
1486 1871 1608 1911 aliquo
1637 1881 1743 1902 servo

193 1928 327 1960 certior
370 1928 449 1960 fieli
482 1928 605 1970 potuit
651 1939 733 1960 eum
766 1930 886 1960 solum
926 1933 1077 1970 propter
1118 1928 1184 1960 filii
1217 1928 1437 1961 desiderium
1470 1934 1663 1971 tantopere
1706 1940 1744 1961 se

193 1997 371 2028 exercere,
405 1998 486 2019 cum
522 1987 593 2029 ille,
629 1998 702 2029 qua
734 1987 777 2019 de
810 1998 922 2019 causa
953 1998 1016 2019 rus
1049 1988 1200 2028 abisset,
1233 1988 1335 2019 nullo
1364 1999 1446 2020 cum
1473 1988 1621 2019 homine
1648 1999 1740 2020 com-

193 2046 445 2079 municaverit.
496 2046 715 2078 Rectissime
743 2046 856 2087 igitur
882 2057 920 2078 se
946 2047 1085 2078 habent
1116 2057 1190 2078 non
1225 2047 1345 2078 solum
1381 2046 1600 2088 Clitiphonis
1636 2047 1745 2079 verba

195 2105 258 2136 197
286 2116 339 2146 sq.
369 2105 506 2144 „Immo
532 2104 593 2136 ille
620 2104 692 2136 fuit
717 2115 830 2137 5011011
854 2105 1089 2147 importunus
1124 2116 1266 2148 semper
1293 2109 1329 2137 et
1354 2116 1452 2137 nunc
1478 2105 1530 2137 nil
1555 2106 1673 2147 magis
1721 2110 1723 2147 Ι

192 2174 321 2195 vereor
346 2174 456 2205 quam
490 2174 534 2195 ne
562 2163 649 2205 quid
680 2163 718 2195 in
752 2163 857 2195 illum
892 2164 1010 2195 iratus
1044 2165 1127 2206 plus
1155 2164 1246 2196 satis
1272 2164 1400 2204 faxit“,
1435 2165 1498 2196 sed
1524 2164 1635 2196 etiam
1663 2165 1744 2206 Syri

191 2223 258 2254 402
289 2223 425 2262 „Immo
460 2226 502 2254 ut
526 2226 669 2264 patrem
702 2227 806 2254 tuom
832 2222 907 2255 vidi
934 2233 1014 2255 esse
1042 2222 1221 2264 habitum,
1255 2223 1318 2255 diu
1344 2223 1455 2255 etiam
1482 2224 1592 2256 duras
1620 2223 1741 2256 dabit“

192 2287 229 2313 et
254 2282 321 2313 526
351 2282 443 2318 „Sed
469 2282 582 2313 habet
606 2286 749 2324 patrem
776 2282 958 2323 quendam
985 2281 1133 2314 avidum
1159 2281 1292 2314 misere
1318 2286 1429 2324 atque
1456 2283 1632 2314 aridum.“

310 2340 337 2383 ²)
365 2340 483 2379 Quam
502 2341 596 2372 male
614 2341 961 2372 Herrmanowskius
976 2342 999 2372 l.
1016 2352 1044 2374 5.
1060 2352 1093 2383 p.
1110 2341 1154 2372 24
1171 2340 1375 2373 Chremetis
1391 2342 1589 2373 verborum
1610 2342 1675 2373 159
1692 2352 1743 2383 sq.

195 2400 261 2438 „Et
286 2399 391 2431 illum
422 2399 491 2431 tibi
514 2399 517 2442 Ι
541 2399 686 2431 salvum
720 2399 937 2431 adfuturum
964 2410 1045 2432 esse
1079 2399 1139 2432 hic
1167 2400 1309 2432 confido
1335 2400 1568 2442 propediem“
1598 2409 1745 2433 sensum

191 2457 378 2501 presserit,
412 2468 455 2490 ex
488 2457 633 2500 quibus,
666 2462 708 2490 ut
739 2458 856 2500 ipsius
883 2458 1004 2490 verbis
1038 2463 1197 2500 utamur,
1235 2459 1488 2500 „Chremetem
1515 2469 1598 2490 cum
1623 2458 1743 2490 vicino

192 2518 463 2558 colloquentem
495 2517 565 2549 iam
603 2517 775 2549 edoctum
806 2517 922 2549 fuisse
951 2517 1108 2550 Cliniam
1140 2517 1282 2550 redisse
1317 2523 1382 2550 aut
1409 2517 1512 2550 brevi
1539 2517 1743 2549 rediturum

192 2578 292 2608 esse“
322 2575 569 2617 colligendum
596 2575 655 2617 sit,
682 2575 744 2607 vix
769 2576 881 2608 verbo
908 2576 1160 2608 demonstrare
1187 2587 1279 2619 opus
1306 2580 1372 2609 est.
1411 2576 1504 2608 Nam
1531 2580 1573 2608 ut
1598 2576 1743 2608 omitta-

191 2645 271 2666 mus
299 2634 530 2666 Chremetem
562 2634 605 2666 de
632 2633 750 2666 Clinia
781 2634 914 2666 reduce
947 2634 1141 2667 certiorem
1177 2636 1275 2667 hunc
1302 2635 1474 2667 nuntium
1507 2634 1633 2666 statim
1659 2645 1741 2666 cum

191 2692 405 2724 Menedemo
433 2692 791 2725 communicaturum
816 2693 931 2725 fuisse
958 2693 1020 2736 (cf.
1042 2694 1107 2725 185
1135 2695 1240 2736 sqq),
1269 2694 1347 2726 eius
1366 2694 1480 2726 verba
1500 2704 1583 2725 011111
1609 2700 1743 2727 natura

191 2752 351 2783 humana
377 2751 514 2794 optime
540 2751 788 2793 consentiunt,
822 2763 906 2784 cum
932 2752 1035 2784 nimii
1061 2752 1277 2784 consolandi
1303 2752 1416 2784 studii
1441 2753 1572 2794 plenus
1599 2752 1636 2784 id
1663 2754 1742 2785 bre-

189 2809 338 2843 vissimo
365 2814 528 2852 tempore
554 2810 633 2843 fore
660 2810 767 2852 dicat,
801 2811 900 2852 quod
925 2811 1003 2853 ipse
1029 2822 1076 2843 an
1104 2822 1276 2853 unquam
1301 2821 1499 2844 evasurum
1528 2811 1588 2849 sit,
1626 2812 1746 2844 nescit

191 2868 360 2901 Vicinum
392 2873 528 2910 autem,
562 2869 697 2912 quippe
733 2880 754 2901 a
779 2880 852 2911 quo
879 2869 995 2901 filium
1030 2880 1104 2902 non
1136 2874 1235 2902 recte
1261 2873 1461 2903 tractatum
1496 2881 1577 2902 esse
1604 2870 1738 2903 dixerit
