2030 3266
903 196 964 255 ’-
1026 227 1197 268 50-

292 352 532 400 excusatur,
586 347 694 397 quod
742 344 893 396 Syrum
940 357 1024 386 non
1071 357 1199 398 agere
1250 346 1333 387 nisi
1381 357 1455 387 suo
1502 346 1616 388 iussu
1664 360 1832 400 semper

288 419 529 460 arbitratur.
590 417 741 467 Itaque
783 427 881 458 suas
923 419 1081 468 partes,
1127 428 1234 466 quae
1275 420 1321 458 ut
1362 416 1587 467 primariae
1626 430 1830 469 personae

286 489 367 540 ipsi
411 493 510 530 sunt
548 485 837 539 sustinendae,
885 486 1004 537 quasi
1037 485 1143 538 Syro
1175 486 1319 539 tradit,
1361 499 1442 538 qua
1480 499 1527 529 re
1568 493 1693 539 poeta
1724 489 1830 531 scite

286 560 538 610 assequitur,
584 561 630 599 ut
665 557 709 599 in
751 557 944 599 omnibus
977 557 1091 599 servi
1130 556 1312 599 fallaciis
1344 552 1488 599 tamen
1522 558 1633 600 scire
1665 554 1828 610 specta-

284 636 420 672 torum
455 629 635 671 maxime
655 627 840 680 intersit,
874 627 1078 679 quomodo
1111 639 1244 669 senex
1276 639 1322 669 se
1349 634 1485 681 gerat,
1519 629 1617 679 quid
1641 629 1829 671 dicturus

285 701 353 753 sit,
386 712 484 741 num
507 711 709 742 sensurus
741 698 799 740 sit
819 698 1012 740 fallacias
1043 697 1140 739 illas
1172 698 1216 739 in
1238 709 1285 740 se
1311 709 1408 741 esse
1430 710 1667 741 conversas.
1708 699 1829 752 Quod

283 771 441 823 optime
473 783 526 813 ex
547 769 717 812 fabulae
749 768 865 811 exitu
887 767 1167 821 cognoscitur.
1213 768 1350 810 Tanta
1377 769 1489 811 enim
1511 781 1647 821 poena
1668 783 1828 812 morum

284 842 494 893 pravitate
517 841 718 883 Chremes
750 851 797 881 se
828 839 922 891 ipse
954 838 1112 890 affecit,
1145 843 1191 880 ut
1221 839 1301 880 hac
1323 845 1519 891 respecta
1551 840 1697 883 decem
1728 840 1828 883 illae

282 913 421 955 minae
459 912 499 954 ei
530 923 605 963 per
635 909 828 952 fraudem
859 913 1033 960 ereptae
1064 909 1169 951 satis
1202 909 1323 961 parvi
1355 911 1554 953 momenti
1587 911 1827 965 videantur,

282 984 436 1035 quippe
479 994 653 1033 quarum
700 992 908 1031 nusquam
955 979 1114 1022 mentio
1155 979 1240 1022 fiat.
1316 980 1421 1022 Nam
1469 981 1614 1023 fabula
1654 982 1828 1025 ineunte

281 1067 375 1096 eum
418 1053 549 1094 filium
599 1064 681 1093 non
725 1055 843 1093 recte
882 1053 1094 1093 tractasse
1138 1050 1276 1093 vicino
1319 1051 1484 1093 crimini
1531 1052 1668 1105 dedit,
1716 1065 1827 1095 nunc

281 1130 539 1176 quantopere
581 1123 634 1164 ab
677 1121 812 1174 ipsius
843 1121 930 1163 filio
972 1121 1176 1173 deceptus
1214 1122 1283 1174 sit,
1323 1121 1442 1164 8111118
1480 1134 1617 1164 mores
1654 1135 1827 1174 prorsus

279 1195 449 1237 novisse
493 1194 574 1236 sibi
615 1197 683 1235 est
723 1192 854 1246 visus,
899 1192 1153 1246 intellegere
1190 1193 1368 1245 cogitur.
1439 1192 1589 1244 Itaque
1628 1206 1722 1235 cum
1760 1194 1826 1236 his

278 1267 406 1309 rebus
448 1264 593 1306 fabula
640 1263 761 1316 quasi
805 1263 859 1306 ad
895 1263 1064 1305 initium
1106 1263 1269 1315 redeat,
1308 1268 1461 1315 poetae
1502 1264 1723 1306 consilium
1761 1269 1828 1307 est

279 1336 611 1389 apertissimum:
644 1334 882 1377 Chremetis
926 1334 1038 1376 enim
1077 1333 1205 1376 animi
1245 1334 1501 1385 pravitatem
1539 1334 1592 1376 ad
1623 1335 1827 1386 perstrin—

278 1407 463 1460 gendum
501 1406 583 1448 sibi
615 1405 847 1457 proposuit,
893 1418 1017 1457 quam
1050 1409 1097 1447 ut
1128 1417 1177 1447 eo
1209 1405 1345 1457 magis
1378 1409 1643 1457 spectatores
1676 1418 1825 1458 cogno-

279 1484 414 1531 scant,
438 1476 735 1519 Menedemum
766 1475 943 1525 inducit,
977 1485 1100 1528 quem
1132 1488 1227 1518 cum
1258 1475 1331 1518 illo
1364 1488 1487 1527 quam
1519 1476 1825 1518 dilucidissime

279 1552 504 1601 comparet.
539 1547 719 1599 Utrique
741 1550 884 1589 autem
906 1547 999 1590 seni
1020 1546 1133 1589 idem
1155 1546 1321 1595 accidit,
1347 1546 1471 1589 alteri
1493 1551 1593 1589 ante
1625 1547 1825 1600 fabulam,

277 1619 401 1661 alteri
434 1620 475 1660 in
509 1618 653 1660 fabula
684 1618 788 1670 ipsa.
850 1617 971 1660 Illius
1003 1617 1198 1670 exemplo
1230 1622 1357 1670 poeta
1388 1617 1663 1670 demonstrat,
1698 1630 1828 1669 quan·

276 1691 332 1732 tis
364 1689 548 1732 miseriis
570 1689 680 1731 falsa
700 1688 911 1732 educandi
931 1689 1097 1731 ratione
1119 1687 1312 1731 adhibita
1336 1692 1460 1741 pater
1480 1688 1574 1740 ipse
1599 1688 1827 1740 afficiatur,

275 1762 411 1814 huius,
445 1760 649 1812 quomodo
681 1760 768 1812 fiat,
801 1763 847 1802 ut
878 1765 1025 1812 patres
1053 1759 1162 1801 filios
1183 1763 1272 1801 tam
1294 1759 1404 1801 male
1427 1758 1636 1807 noverint,
1670 1758 1827 1811 quippe

276 1833 345 1884 qui
378 1832 517 1874 aliena
550 1835 749 1873 curantes
787 1842 842 1872 ne
874 1831 1039 1882 possint
1070 1829 1239 1882 quidem
1272 1829 1457 1883 efficere,
1497 1834 1545 1871 ut
1576 1829 1653 1871 filii
1686 1829 1826 1871 omnia

274 1904 356 1946 sibi
398 1902 676 1945 committant.
737 1901 889 1953 Itaque
933 1901 1040 1943 haec
1077 1901 1235 1952 fabula,
1275 1901 1318 1942 in
1358 1913 1440 1952 qua
1480 1901 1719 1953 petulantia
1751 1901 1825 1942 illa

278 1974 531 2027 Dionysiaca
573 1978 660 2015 tam
703 1972 843 2014 subito
888 1973 999 2014 serio
1044 1984 1268 2023 rerumque
1311 1971 1484 2014 veritati
1529 1971 1671 2024 cessit,
1721 1983 1823 2014 vere

275 2051 341 2087 est
378 2057 441 2097 ea,
489 2056 571 2095 qua
612 2047 758 2096 patres
797 2043 1048 2086 erudiuntur
1084 2047 1211 2094 atque
1250 2042 1492 2091 edocentur,
1542 2046 1588 2083 ut
1625 2041 1823 2083 Wilamo-

276 2114 483 2168 witzius¹)
517 2114 631 2156 dicit.

395 2186 673 2227 Personarum
710 2184 842 2238 igitur
878 2185 1065 2227 moribus
1106 2183 1447 2227 demonstrandis
1485 2187 1654 2235 poetam
1694 2183 1823 2224 maxi·

275 2270 381 2298 mam
435 2268 605 2308 operam
658 2255 761 2297 dare
812 2260 991 2307 apparet
1004 2254 1058 2309 2),
1111 2267 1236 2306 quam
1288 2256 1339 2296 ob
1392 2266 1481 2297 rem
1534 2254 1686 2295 mirum
1737 2265 1821 2294 non

273 2332 351 2379 cst,
387 2326 493 2378 quod
522 2338 575 2368 ex
606 2326 659 2367 iis
691 2325 796 2377 ipsis
828 2337 990 2367 omnem
1026 2325 1117 2367 fere
1148 2325 1274 2366 huius
1307 2324 1478 2366 fabulae
1501 2323 1586 2365 vim
1619 2323 1821 2365 comicam

273 2398 399 2439 elicit.
468 2396 591 2438 Nullo
635 2396 746 2438 enim
787 2396 878 2438 loco
920 2395 1035 2438 servi
1078 2395 1245 2437 facetiis
1288 2395 1409 2446 quasi
1455 2395 1732 2446 dirumpimur
1775 2398 1822 2435 ut

391 2538 416 2580 ¹)
442 2537 517 2570 Der
542 2536 759 2570 Landmann
786 2536 849 2568 des
875 2535 1103 2568 Menandros
1130 2536 1152 2568 1.
1181 2546 1208 2567 s.
1235 2546 1269 2578 p.
1297 2535 1377 2568 518.

391 2597 417 2639 ⁹)
444 2596 650 2629 Nencinius
677 2596 700 2627 l.
719 2606 748 2627 s.
765 2606 800 2639 p.
827 2595 890 2628 68:
920 2594 1040 2637 „Illud
1065 2594 1191 2635 igitur,
1218 2593 1349 2636 inquit,
1377 2603 1420 2628 ex
1445 2597 1526 2626 tota
1551 2593 1679 2625 fabula
1704 2592 1814 2624 docu-

271 2660 434 2687 mentum
467 2655 548 2687 elici
574 2654 730 2695 videtur,
762 2658 816 2696 ut,
849 2653 879 2686 si
913 2654 958 2686 de
989 2653 1055 2685 filii
1082 2654 1202 2686 salute
1228 2657 1374 2694 agatur,
1408 2651 1493 2685 irati
1526 2651 1642 2695 patris
1669 2651 1814 2684 animus

273 2716 329 2747 vel
369 2714 631 2757 sapientissimi
669 2718 771 2746 certa.
801 2713 946 2745 ratione
978 2712 1058 2755 regi
1096 2713 1292 2753 nequeat“,
1332 2711 1467 2754 quibus
1502 2721 1545 2743 ex
1570 2710 1692 2743 verbis
1725 2709 1816 2743 satis

272 2773 518 2815 cognoscitur,
546 2784 655 2814 quam
681 2773 776 2805 male
794 2777 912 2805 totam
937 2773 1032 2805 hanc
1051 2772 1226 2812 fabulam,
1254 2781 1363 2812 quam
1382 2774 1490 2813 putat
1506 2774 1688 2803 mutatam
1707 2773 1817 2810 atque

269 2837 458 2874 resectam,
484 2832 718 2865 intellexerit.
