2030 3266
914 256 1191 294 *44-

277 374 413 415 latere
429 373 709 415 demonstrari
723 372 910 425 potest1).
933 375 996 415 Ac
1007 373 1185 424 primum
1202 372 1371 424 quidem
1387 372 1682 414 Menedemum
1693 372 1823 413 filium

278 449 629 495 recuperaturum
662 456 757 485 esse
788 444 858 486 vel
890 443 989 486 inde
1021 444 1304 496 cognoscitur,
1339 443 1448 495 quod
1481 455 1572 485 cum
1599 443 1825 484 vehemen-

277 514 441 555 tissimo
474 514 686 557 desiderio
719 515 809 556 eius
842 515 1025 556 reditum
1054 518 1285 565 exspectat.
1330 514 1508 555 Cliniam
1537 517 1679 555 autem
1702 525 1824 564 quem

280 585 412 636 patris
446 586 571 626 venia
609 585 876 626 dissimulata
909 585 1076 626 domum
1119 584 1260 626 redire
1293 597 1375 625 non
1408 597 1532 635 posse
1565 584 1826 625 demonstra-

280 656 417 697 vimus
449 656 530 697 nisi
572 660 667 707 post
704 657 864 697 amicae
904 655 1177 707 agnitionem,
1222 667 1315 695 cum
1354 666 1405 696 ea
1435 655 1528 706 ipsa
1560 654 1827 695 matrimonio

279 726 615 767 fortunatissimo
648 726 916 767 coniunctum
946 725 998 766 iri
1031 730 1074 766 et
1106 737 1158 766 ex
1191 725 1370 777 virginis
1399 725 1583 767 moribus
1612 724 1775 776 pudicis
1802 737 1827 764 a

281 797 522 849 (llitiphone
561 797 745 838 laudatis
779 794 942 849 (226)2›
982 801 1025 837 et
1063 807 1115 837 ex
1155 795 1320 836 sincero
1363 796 1647 838 adulescentis
1685 807 1827 836 amore

281 868 531 910 concludere
563 868 674 908 licet.
727 866 895 908 Deinde
928 878 980 907 ex
1013 865 1266 916 Clitiphonis
1299 878 1441 907 amore
1472 866 1710 908 meretricio
1744 878 1828 906 ma-

280 951 387 991 gnas
410 939 556 979 turbas
579 938 760 978 orituras
784 949 880 978 esse
913 936 1018 978 satis
1051 936 1274 977 indicatur.
1322 936 1404 978 Hic
1435 937 1547 978 enim
1576 937 1828 978 adulescens

280 1009 339 1050 nil
373 1009 509 1060 magis
543 1012 716 1059 exoptat
749 1020 871 1058 quam
901 1011 947 1048 ut
978 1012 1202 1059 argentum
1226 1012 1454 1058 comparet,
1489 1020 1568 1058 quo
1591 1007 1828 1049 meretricis

282 1080 607 1131 procacissimae
640 1083 832 1129 sumptus
866 1078 1049 1130 expleat,
1092 1090 1174 1128 qua
1206 1090 1252 1118 re
1284 1078 1327 1119 in
1362 1082 1524 1129 patrem
1558 1089 1673 1119 more
1705 1077 1829 1118 solito

281 1150 494 1191 fallaciam
528 1154 772 1201 susceptum
810 1148 864 1190 iri
897 1161 989 1190 cum
1031 1148 1344 1199 spectatoribus
1378 1148 1683 1199 quodammodo
1721 1160 1829 1189 00111-

282 1222 480 1272 munieat,
522 1232 774 1271 quamquam
817 1219 1008 1261 fraudem
1043 1219 1257 1261 detectum
1290 1219 1342 1259 iri
1376 1219 1519 1260 statim
1551 1219 1644 1270 ipse
1677 1218 1829 1270 prodit,

283 1304 374 1333 cum
421 1291 699 1332 vehementer
742 1290 885 1343 timet,
937 1301 990 1331 110
1032 1295 1155 1340 pater
1203 1302 1387 1331 amorem
1440 1302 1560 1331 suum
1612 1289 1829 1331 resciscat.

283 1362 485 1404 Chremes
517 1367 672 1414 autem,
707 1361 815 1413 quod
848 1360 981 1401 filium
1014 1365 1168 1413 monet,
1211 1365 1256 1402 ut
1289 1373 1341 1402 ex
1373 1360 1497 1402 amici
1530 1360 1699 1402 fortuna
1732 1360 1830 1411 quid

283 1433 363 1475 sibi
406 1432 645 1474 faciendum
690 1432 759 1484 sit,
803 1431 952 1484 discat,
998 1443 1044 1473 se
1089 1431 1182 1473 dolo
1227 1436 1452 1483 perspecto
1495 1431 1642 1472 eadem
1676 1431 1832 1471 duritia

284 1516 378 1545 eum
410 1507 691 1545 tractaturum
725 1514 821 1544 esse
854 1515 936 1553 qua
968 1505 1068 1544 ante
1100 1502 1288 1544 fabulam
1320 1502 1595 1544 Menedemus
1627 1514 1728 1543 usus
1761 1501 1830 1552 sit,

284 1575 388 1616 satis
431 1574 706 1615 demonstrat.
769 1572 852 1614 Sed
895 1573 1005 1624 quod
1047 1585 1186 1614 coram
1226 1573 1380 1615 misero
1412 1573 1484 1614 illo
1516 1573 1654 1614 vicino
1688 1584 1734 1613 se
1772 1572 1831 1612 fili

285 1658 421 1687 mores
464 1645 590 1696 plane
629 1644 902 1696 perspexisse
941 1644 1149 1696 gloriatur
1191 1643 1291 1697 (151
1326 1643 1446 1697 sqq),
1487 1644 1539 1695 ei,
1575 1643 1729 1694 quippe
1762 1642 1831 1693 qui

283 1717 416 1768 ipsius
439 1716 568 1756 animi
593 1716 803 1768 pravitate
825 1720 1050 1766 tantopere
1074 1715 1260 1767 fallatur,
1290 1727 1446 1767 graves
1470 1727 1628 1766 poenas
1651 1715 1831 1755 subeun-

285 1787 360 1828 das
394 1788 484 1829 fore
516 1798 638 1828 nemo
671 1798 753 1827 non
787 1787 1037 1837 suspicatur.

402 1857 534 1899 Simul
567 1861 707 1899 autem
730 1857 800 1899 via
831 1857 1056 1909 indicatur,
1091 1869 1172 1907 qua
1204 1857 1422 1907 utriusque
1445 1856 1731 1898 adulescentis
1763 1868 1833 1896 res

285 1928 371 1970 sint
403 1940 692 1980 processurae,
727 1940 820 1969 cum
852 1927 966 1969 servi
998 1928 1041 1968 in
1075 1929 1223 1969 urbem
1255 1927 1373 1969 missi
1406 1928 1502 1969 sint.
1564 1927 1647 1968 Sed
1681 1927 1833 1980 Syrum

287 1999 539 2050 Clitiphonis
573 1999 840 2040 meretricem
874 2011 1017 2040 secum
1051 1998 1274 2039 ducturum
1315 2011 1411 2039 esse
1443 1998 1658 2049 expressis
1691 1997 1834 2039 verbis

287 2082 366 2111 non
411 2069 604 2121 proditur
652 2070 729 2119 „ad
777 2069 918 2121 populi
962 2070 1329 2121 exspectationem
1371 2068 1642 2120 tenendam“,
1688 2074 1733 2109 ut
1776 2068 1835 2109 ait

287 2141 491 2182 Donatus.

405 2210 681 2262 Expositione
713 2211 847 2263 igitur
868 2214 984 2252 recte
1016 2211 1237 2252 intellecta
1269 2214 1401 2251 totam
1431 2210 1618 2252 fabulam
1640 2209 1833 2261 intellegi

287 2294 410 2333 posse
443 2294 579 2332 neque
613 2282 785 2334 prologo
818 2293 910 2323 eam
944 2293 1085 2333 egere,
1120 2294 1200 2332 quo
1227 2293 1324 2332 pars
1357 2281 1598 2333 argumenti
1624 2279 1834 2321 narrando

288 2352 536 2405 explicetur,
570 2350 802 2403 3111131013).

410 2470 437 2512 ¹)
464 2469 538 2501 Leo
566 2468 753 2511 (Menand.
782 2468 907 2509 Colax,
942 2468 1077 2500 Nachr.
1105 2467 1137 2499 d.
1165 2467 1288 2500 Goett.
1317 2467 1400 2500 Ges.
1428 2467 1460 2499 d.
1488 2468 1547 2501 W.
1576 2467 1666 2499 1903
1693 2477 1726 2509 p.
1753 2467 1834 2510 687)

289 2536 332 2558 ex
359 2535 581 2567 unaquaque
600 2524 829 2567 expositione
856 2524 1082 2556 Menandrea
1101 2523 1371 2566 quodammodo
1397 2523 1544 2556 fabulae
1563 2523 1701 2555 exitum
1727 2534 1835 2565 posse

289 2581 464 2623 cognosci
489 2581 568 2613 iure
595 2580 778 2612 admonet.

409 2638 433 2679 ²)
461 2637 579 2676 Quam
619 2636 806 2668 subtiliter
844 2636 1047 2669 Menander
1082 2646 1323 2678 personarum
1358 2635 1523 2668 moribus
1556 2646 1599 2668 ea
1630 2640 1836 2678 praeparet,

290 2705 384 2735 quae
417 2693 562 2726 actione
594 2692 675 2735 ipsa
710 2694 778 2725 sub
812 2693 1223 2735 spsetatorum‘oculos
1259 2692 1307 2723 sit
1334 2691 1581 2733 subiecturus,
1615 2692 1835 2724 Geffekenus

291 2751 313 2782 l.
343 2760 369 2781 3.
397 2761 430 2792 p.
459 2750 479 2781 6
505 2760 562 2781 311.
590 2749 609 2780 5
637 2754 762 2781 monet
788 2750 1051 2791 luculentoque
1078 2749 1244 2791 exemplo
1271 2747 1447 2780 illustrat.

410 2807 437 2848 3)
465 2805 585 2838 Aliter
600 2806 675 2838 Leo
691 2805 852 2838 sensisse
867 2805 1023 2846 videtur,
1043 2804 1118 2847 qui,
1139 2815 1221 2836 cuin
1237 2803 1383 2836 fabulas
1401 2803 1595 2836 Plautinas
1611 2814 1684 2845 eas,
1704 2803 1836 2845 quibus

292 2861 431 2903 agnitio
460 2861 583 2902 aliqua
608 2861 706 2902 insit,
735 2861 779 2893 ad
805 2872 916 2893 unam
944 2871 1069 2893 omnes
1095 2861 1273 2902 prologos
1303 2859 1480 2892 habuisse
1507 2860 1552 2892 ad
1578 2864 1836 2901 argumentum
