2030 3266
930 278 980 317 31
1045 302 1103 306 --

188 390 374 450 Clitipho
396 398 506 439 hanc
529 409 733 439 summam
757 408 949 449 poenam,
981 408 1105 447 quam
1128 401 1263 448 putat,
1288 396 1429 437 subire
1451 395 1628 447 cogitur,
1653 395 1731 436 etsi

189 468 420 510 deformem
461 468 578 509 illam
611 467 852 519 puellulam,
886 478 1009 517 quam
1043 470 1178 508 mater
1208 466 1251 506 in
1285 471 1481 517 promptu
1512 466 1654 518 habet,
1689 477 1733 506 se

190 540 347 581 ducere
384 551 510 591 posse
542 543 684 590 negat.
746 536 866 578 Nunc
899 537 1072 578 tandem
1103 536 1236 588 patris
1269 537 1437 578 veniam
1471 535 1733 588 adipiscitur,

191 610 262 661 qui
293 610 478 652 libenter
508 608 591 649 iam
625 607 731 661 Syro
763 607 845 659 ipsi
878 607 1073 659 ignoscit.

846 901 996 953 Pars
1034 902 1094 951 ΙΙ.

228 1019 306 1070 Ex
346 1019 666 1083 argumenti
705 1018 1171 1082 interpretatione
1211 1017 1340 1081 quid
1379 1017 1445 1069 de
1485 1017 1706 1068 fabulae

601 1112 1007 1176 compositione
1047 1112 1342 1164 discamus,

319 1231 438 1273 Haec
477 1231 528 1272 de
561 1230 1005 1272 Hautontimorumeni
1038 1233 1298 1282 argumento.
1360 1230 1449 1270 Iam
1483 1229 1580 1280 quid
1614 1241 1664 1270 cx
1698 1241 1746 1270 eo

200 1303 253 1343 de
292 1302 422 1343 totius
459 1301 631 1343 fabulae
671 1301 972 1352 compositione
1012 1301 1223 1342 discamus
1262 1304 1328 1342 cst
1360 1300 1746 1343 demonstrandum.

200 1374 265 1414 Ac
296 1374 477 1424 primum
510 1371 680 1424 quidem
702 1371 870 1423 fugitne
893 1384 1144 1423 quemquam
1165 1371 1245 1412 hac
1267 1371 1311 1412 in
1333 1371 1476 1412 fabula
1499 1369 1747 1421 saepissime

203 1443 443 1495 vituperata
475 1446 518 1485 et
550 1442 739 1495 singulas
772 1454 949 1483 scaenas
981 1441 1195 1483 artissime
1217 1454 1360 1484 secum
1382 1454 1478 1484 esse
1504 1441 1748 1482 coniunctas

201 1525 340 1565 neque
378 1525 519 1555 rerum
559 1513 918 1554 continuationem
963 1513 1199 1563 seriemque
1237 1525 1414 1563 usquam
1454 1512 1586 1554 deleri
1624 1515 1750 1562 atque

201 1583 484 1635 interrumpi?
545 1584 612 1624 An
646 1583 866 1635 quisquam
909 1583 1022 1624 dicet
1054 1582 1359 1625 offensionibus
1391 1583 1489 1635 illis,
1530 1595 1633 1633 quas
1670 1581 1749 1622 viri

203 1654 317 1696 docti
355 1654 549 1696 omnibus
587 1654 630 1694 in
669 1654 839 1695 fabulae
877 1654 1085 1706 partibus,
1125 1654 1307 1695 maxime
1340 1654 1383 1694 in
1414 1658 1511 1695 actu
1544 1653 1677 1704 piimo
1711 1656 1752 1693 et

207 1725 391 1767 secundo
415 1724 630 1767 detexisse
653 1724 735 1766 sibi
753 1724 965 1776 videntur,
990 1729 1063 1765 aut
1079 1723 1260 1765 Nencini
1281 1724 1451 1766 fabulae
1470 1723 1754 1765 Menandreae

204 1808 230 1837 a
249 1796 449 1837 Terentio
472 1798 665 1837 resectae
688 1795 963 1847 graviterque
985 1798 1173 1836 mutatae
1196 1795 1450 1836 sententiam
1475 1799 1547 1835 aut
1563 1794 1753 1836 Roetteri

206 1872 249 1908 et
262 1865 616 1907 Herrmanowski
634 1865 1002 1907 contaminationis
1020 1864 1255 1907 doctrinam
1270 1864 1537 1907 confirmari?
1559 1864 1756 1917 Singulos

204 1937 319 1979 enim
351 1937 464 1978 locos
504 1936 871 1988 reprehendentes
912 1948 1049 1987 neque
1086 1939 1222 1977 totum
1260 1942 1557 1988 argumentum
1590 1946 1758 1986 semper

205 2007 313 2049 satis
345 2008 387 2048 in
420 2007 620 2047 iudicium
646 2010 908 2048 vocaverunt
936 2010 979 2048 et
1006 2019 1145 2048 raram
1167 2006 1283 2048 illam
1306 2007 1608 2058 Dionysiorum
1639 2018 1758 2057 agre-

210 2078 340 2118 stium
374 2077 853 2128 commemorationem1)
885 2074 1083 2132 {aliasque
1124 2089 1193 2118 res
1236 2090 1260 2118 a
1302 2082 1426 2128 poeta
1469 2077 1537 2118 hic
1578 2076 1665 2118 illic
1707 2076 1758 2117 ad

211 2148 399 2189 fabulam
433 2152 550 2189 recte
582 2147 916 2199 intellegendam
949 2147 1159 2188 indicatas
1192 2147 1317 2188 nimis
1350 2148 1642 2200 neglexerunt.

329 2219 392 2260 Ac
434 2230 487 2260 nc
529 2218 782 2271 fragmentis
825 2218 1015 2270 quidem,
1061 2218 1211 2269 quibus
1255 2222 1298 2259 et
1335 2217 1675 2270 Venedigerus‘2)
1719 2221 1761 2259 et

213 2358 290 2379 non
317 2348 437 2379 solum
464 2346 547 2388 Syri
573 2345 682 2378 dictis
700 2346 799 2389 (999)
827 2345 917 2378 scite
943 2350 1187 2388 praeparatur
1213 2344 1273 2389 (cf.
1293 2357 1326 2388 p.
1356 2346 1376 2377 9
1405 2357 1462 2378 an.
1493 2347 1537 2388 3),
1565 2346 1628 2378 sed
1653 2345 1761 2378 etiam

213 2405 487 2444 adliuoundum
519 2406 667 2437 fabulae
700 2404 839 2437 exitum
872 2404 1105 2451 efficiendum
1143 2416 1257 2437 unum
1291 2409 1347 2437 est
1382 2404 1646 2445 necessarium,
1682 2415 1763 2436 cum

219 2465 392 2496 Chremes
418 2463 550 2496 iratior
575 2463 624 2496 sit,
650 2475 761 2506 quam
787 2468 829 2495 ut
854 2463 971 2496 filium
996 2464 1066 2496 hac
1093 2458 1211 2496 amica
1237 2464 1409 2496 abdicata
1435 2463 1542 2496 alteri
1569 2474 1607 2495 se
1634 2463 1763 2495 dedere

214 2523 391 2565 patiatur,
419 2534 493 2565 qua
518 2534 601 2555 cum
627 2534 665 2555 re
692 2522 875 2564 convenit,
909 2523 1008 2564 quod.
1033 2533 1120 2555 sane
1154 2522 1429 2555 matrimonium
1457 2521 1658 2564 Clitiphoni
1684 2532 1764 2562 gra·

216 2581 368 2614 vissima
392 2592 512 2624 poena
537 2582 694 2615 videtur.

338 2640 364 2683 ¹)
392 2640 490 2679 Quin
523 2640 633 2673 etiam
668 2640 900 2681 Legrandius
936 2641 959 2675 l.
987 2651 1015 2673 s.
1041 2652 1075 2683 p.
1102 2641 1169 2672 357
1199 2640 1382 2682 expressis
1409 2640 1531 2672 verbis
1565 2640 1658 2671 hanc
1691 2650 1766 2672 rem

218 2698 271 2730 nil
310 2699 352 2731 ad
392 2704 652 2740 argumentum
690 2698 1007 2741 interpretandum
1045 2699 1167 2731 valere
1206 2698 1294 2731 dicit
1329 2698 1448 2730 hisce:
1490 2698 1561 2739 „Ce
1596 2703 1680 2730 sont
1714 2699 1767 2730 les

219 2756 419 2799 Dionysies
438 2758 580 2790 rurales
601 2777 643 2782 —
664 2768 703 2790 ce
729 2757 841 2790 detail
858 2757 989 2790 inutile
1011 2768 1058 2790 au
1074 2757 1180 2800 point
1197 2757 1241 2789 de
1259 2767 1328 2789 vue
1347 2757 1390 2789 de
1410 2756 1597 2798 l'intrigue
1616 2767 1645 2794 e,
1664 2768 1696 2799 q.
1716 2758 1764 2789 s.“

339 2815 366 2859 ²)
393 2816 513 2848 Affert
538 2816 634 2849 enim
661 2818 683 2848 1.
705 2827 732 2850 s,
752 2827 786 2859 p.
815 2816 900 2849 135:
931 2816 1172 2858 „Abgesehen
1190 2827 1264 2848 von
1290 2816 1421 2848 dessen
1448 2815 1539 2857 (scil.
1560 2815 1768 2859 Menandri)

219 2874 296 2906 fast
323 2874 463 2908 uberall
488 2875 818 2908 hervortretenden
844 2874 1017 2916 Neigung
1043 2886 1090 2907 zu
1115 2874 1617 2916 Charakterschilderungen,
1653 2875 1768 2907 denen
