2030 3266
824 272 1112 313 -45-

314 391 395 434 Sed
438 392 492 433 ad
524 391 784 446 agnitionem
815 390 933 432 illam
963 395 1240 443 revertamur,
1280 391 1324 431 in
1357 402 1438 441 qua
1470 402 1617 432 omnes
1645 389 1742 442 Syri

195 461 389 504 fallacias
427 463 587 514 positas
620 473 716 504 esse
754 474 882 512 supra
920 461 1157 503 statuimus.
1218 461 1324 503 Inde
1363 466 1541 512 apparet
1574 466 1741 512 poetam

196 533 239 573 id
272 545 399 586 agere
432 533 642 589 debuisse,
675 544 729 574 ne
750 531 896 573 fabula
924 534 1024 574 ante
1044 531 1307 583 agnitionem
1329 531 1564 584 langueret.
1608 531 1742 584 Quam

196 604 249 645 ob
281 616 370 645 rem
402 604 485 645 iam
519 603 676 645 dixerit
708 602 915 654 quispiam
948 602 1099 643 mirum
1131 613 1215 643 non
1238 614 1347 655 esse,
1382 602 1491 652 quod
1518 605 1581 644 tot
1613 601 1742 643 offen-

197 674 338 715 siones
359 674 458 716 huic
479 673 560 725 ipsi
582 673 752 716 fabulae
773 673 884 725 parti
905 673 1051 725 insint,
1075 673 1229 724 quippe
1260 685 1367 724 quae
1390 676 1540 724 poetae
1561 673 1742 715 inertiae

196 744 443 786 debeantur.
505 744 651 796 Neque
684 744 795 787 enim
829 744 954 786 aliter
985 743 1218 785 Schanzius
1250 743 1393 786 iacere
1426 744 1608 796 videtur,
1649 756 1742 785 cum

197 814 300 856 (licit
320 815 346 855 1.
369 827 399 856 s.
422 828 460 867 p.
487 814 587 856 147:
624 815 757 867 „Dem
781 814 912 867 Syrus
936 814 1045 856 fehlt
1069 814 1137 856 ein
1159 814 1294 856 tester
1316 814 1436 867 Plan,
1471 815 1548 855 wir
1571 814 1742 856 werden

196 885 270 926 hin
308 885 391 926 und
433 886 512 927 her
554 885 816 938 geworien“.
884 885 1286 928 Herrmanowskius
1324 896 1425 927 vero
1463 885 1489 926 l.
1532 897 1563 926 s.
1607 898 1643 937 p.
1688 883 1741 924 23

197 1095 454 1138 explicandum
487 1096 715 1139 pertinentes
751 1095 1058 1128 demonstraverit
1091 1095 1259 1137 (Quaest.
1286 1096 1408 1128 Plaut.
1445 1107 1504 1138 pp.
1540 1095 1606 1127 179
1639 1097 1743 1137 sqq.).

197 1165 242 1187 ne
280 1155 520 1188 Terentianas
560 1155 707 1197 quidem
744 1155 891 1187 fabulas
930 1154 983 1187 eis
1023 1165 1146 1187 carere
1171 1165 1281 1197 posse
1315 1161 1449 1187 censet.
1509 1154 1610 1186 Haec
1648 1153 1744 1186 enim

195 1213 285 1246 facit
309 1215 422 1247 verba
456 1215 479 1246 l.
506 1225 534 1246 s.
560 1225 594 1257 p.
621 1214 707 1246 204:
743 1213 832 1256 „Die
860 1213 1049 1255 Originale
1084 1215 1146 1245 des
1175 1214 1314 1247 Terenz
1349 1213 1545 1246 bedurften
1570 1213 1644 1245 fast
1670 1213 1740 1244 alle

197 1273 434 1306 erz'ahlender
470 1274 651 1315 Prologe“
680 1277 717 1305 et
753 1284 788 1316 p.
823 1273 907 1306 220:
949 1272 1056 1315 „(Die
1091 1273 1357 1315 Prologreden)
1383 1273 1459 1313 hat,
1494 1282 1548 1304 wo
1583 1271 1636 1304 sie
1661 1281 1744 1303 vor-

196 1332 341 1364 handen
381 1343 513 1373 waren,
552 1332 691 1365 Terenz
730 1331 846 1364 durch
884 1331 984 1364 seine
1022 1331 1182 1372 Prologe
1224 1332 1394 1364 ersetzt“.
1446 1331 1517 1363 Sed
1552 1330 1582 1362 si
1613 1329 1746 1362 habuit

197 1391 619 1424 Hautontimorumenos
657 1390 884 1423 Menandrea
921 1391 1128 1433 prologum,
1163 1390 1215 1422 nil
1242 1400 1283 1422 eo
1310 1390 1450 1422 narrari
1478 1389 1601 1433 potuit
1626 1388 1698 1421 nisi
1724 1399 1744 1420 a

197 1450 391 1484 Chremete
430 1450 628 1492 aliquando
666 1449 780 1482 filiam
819 1460 898 1482 esse
935 1449 1151 1492 expositam,
1186 1460 1280 1491 quae
1315 1449 1410 1481 forte
1443 1449 1594 1481 fortuna
1627 1447 1744 1490 ipsius

196 1509 312 1552 patris
331 1509 479 1541 domum
498 1513 597 1542 esset
616 1514 774 1541 ventura
796 1514 837 1541 ut
863 1508 980 1541 amica
1006 1507 1252 1541 adulescentis
1279 1508 1470 1540 cuiusdam
1497 1507 1595 1550 apud
1620 1517 1743 1539 senem

194 1568 300 1600 illum
315 1568 468 1600 deversi.
494 1567 653 1610 Reliqua
671 1567 767 1600 enim
785 1567 1015 1610 expositione
1032 1567 1114 1610 ipsa
1132 1567 1388 1610 comperimus
1416 1567 1486 1599 Sed
1501 1566 1744 1598 Menandrum

196 1617 308 1659 talem
331 1628 529 1670 prologum
554 1626 641 1659 huic
666 1627 814 1659 fabulae
840 1626 1100 1669 praeposuisse
1126 1637 1257 1669 parum
1283 1631 1340 1658 est
1365 1625 1443 1658 veri
1468 1625 1598 1658 simile.
1649 1625 1745 1664 Quid

197 1686 293 1719 enim
319 1691 545 1729 spectatores
572 1697 615 1719 ea
640 1697 678 1718 re
704 1687 907 1726 lucrantur,
935 1685 1034 1728 quod
1054 1684 1285 1727 Antiphilam
1310 1684 1465 1716 insciam
1490 1683 1608 1726 ipsius
1628 1684 1744 1726 patris

196 1745 345 1777 domum
370 1745 495 1778 venire
527 1749 755 1788 compertum
786 1744 949 1777 habent?
999 1744 1121 1777 Aliter
1155 1754 1241 1776 sane
1274 1744 1311 1776 in
1346 1743 1471 1776 Plauti
1497 1742 1661 1786 Captivis
1686 1753 1744 1775 res

197 1815 237 1836 se
260 1805 383 1844 habet,
418 1815 491 1846 qua
516 1804 553 1836 in
578 1804 706 1836 fabula.
732 1814 843 1836 senex
868 1803 1007 1836 inscius
1035 1814 1143 1836 suum
1162 1802 1278 1846 ipsius
1304 1802 1432 1843 filium,
1467 1801 1529 1844 qui
1555 1801 1646 1834 satis
1672 1812 1745 1834 ma-

197 1874 289 1904 gnas
314 1868 439 1905 partes
465 1862 555 1904 agit,
582 1862 620 1895 in
645 1862 816 1895 latomias
842 1862 969 1897 mittit.
1020 1862 1127 1902 Quod
1154 1868 1278 1894 autem
1304 1862 1378 1894 Leo
1411 1862 1432 1892 l.
1467 1872 1494 1893 s,
1528 1872 1562 1903 p.
1596 1860 1665 1892 200
1691 1871 1744 1902 sq.

197 1921 456 1954 Curculionem
482 1923 679 1964 prologum
704 1921 880 1954 habuisse
906 1921 990 1954 inde
1016 1921 1213 1962 concludit,
1242 1921 1342 1963 quod
1367 1920 1447 1952 eius
1468 1930 1636 1952 scaenam
1662 1919 1745 1962 Epi-

198 1980 304 2013 dauri
340 1990 421 2013 esse
453 1980 491 2012 in
524 1980 644 2012 medio
684 1981 830 2013 demum
865 1985 1085 2022 argumento
1119 1979 1209 2012 satis
1243 1979 1364 2012 obiter
1395 1979 1590 2019 indicatur,
1629 1988 1673 2010 ne
1708 1978 1745 2010 id

197 2039 342 2082 quidem
371 2044 632 2080 argumentum
658 2039 695 2071 in
720 2039 1150 2072 Hautontimorumenon
1177 2038 1284 2079 cadit,
1315 2038 1448 2081 quippe
1475 2037 1579 2070 cuius
1597 2037 1745 2070 fabulae

196 2097 324 2141 primis
341 2097 431 2141 ipsis
451 2098 620 2130 versibus
639 2109 808 2130 scaenam
826 2098 933 2130 Halis
952 2108 1033 2131 esse
1055 2098 1213 2140 positam
1232 2102 1423 2129 narratum
1441 2096 1555 2129 fuisse
1574 2096 1743 2128 sciamus.

197 2157 361 2198 Accedit,
381 2157 479 2199 quod
496 2156 809 2189 Reitzensteinius
828 2158 920 2198 (Aus
939 2157 971 2189 d.
988 2157 1148 2190 Strassb.
1164 2156 1546 2199 Papyrussammlung
1562 2154 1600 2186 in
1617 2155 1744 2188 Herm.

196 2216 340 2249 XXXV
366 2215 486 2258 (1900)
504 2227 538 2258 p.
558 2216 641 2258 625)
667 2216 748 2248 iure
773 2216 908 2248 dixisse
927 2216 1074 2248 videtur
1092 2226 1136 2248 ex
1155 2216 1311 2258 prologo
1332 2215 1396 2246 illo
1415 2225 1436 2246 a
1455 2213 1625 2246 Kaibelio
1647 2213 1743 2246 edito

197 2275 347 2317 (Nachr.
375 2275 407 2307 d.
437 2274 558 2307 Goett.
586 2275 670 2307 Ges.
697 2275 730 2307 d.
757 2275 816 2307 W.
848 2275 935 2307 1899
970 2286 1004 2317 p.
1032 2275 1115 2314 549)
1148 2284 1324 2316 apparere
1358 2273 1396 2305 in
1427 2283 1524 2305 nova
1557 2272 1746 2304 comoedia

196 2335 373 2377 prologos
411 2333 495 2366 illos
534 2345 555 2366 a
593 2333 669 2366 deis
706 2333 796 2376 ipsis
834 2334 1001 2377 prolatos
1040 2332 1318 2375 antiquissimos
1358 2343 1437 2365 esse
1476 2331 1744 2374 paullatimque

197 2403 324 2425 omnes
349 2403 408 2424 res
435 2393 481 2424 ad
506 2392 688 2425 actionem
714 2398 813 2425 recte
840 2392 1128 2434 intellegendam
1145 2391 1374 2434 pertinentes
1392 2390 1430 2422 in
1447 2390 1575 2433 primis
1597 2390 1744 2422 fabulae

200 2451 343 2484 scaenis
379 2462 460 2484 esse
498 2451 650 2494 positas.
710 2451 842 2493 Itaque
875 2455 1056 2493 quantum
1088 2451 1134 2483 ad
1159 2450 1401 2483 Terentianas
1429 2449 1573 2491 quidem
1600 2448 1746 2481 fabulas

199 2510 343 2551 attinet,
384 2510 614 2551 Lindsayum
658 2510 885 2551 (Jahresber.
925 2510 1016 2542 iiber
1048 2510 1171 2543 Plaut.
1212 2509 1411 2550 18950905
1450 2508 1487 2540 in
1519 2508 1627 2540 Burs.
1666 2508 1744 2540 rell.

198 2569 338 2601 CXXX
364 2569 486 2611 (1906)
512 2579 546 2611 p.
575 2568 656 2611 142)
696 2572 795 2601 recte
820 2568 1004 2601 iudicasse
1031 2578 1163 2601 censeo
1190 2578 1251 2600 eas
1277 2567 1422 2599 fabulas
1448 2566 1630 2609 palliataS,
1667 2566 1744 2608 qui-

198 2629 269 2660 bus
306 2627 454 2670 prologi
493 2628 538 2660 ad
577 2633 839 2669 argumentum
876 2627 1102 2660 narrandum
1141 2631 1352 2669 spectantes
1391 2625 1527 2666 desint,
1565 2635 1610 2657 ne
1649 2625 1746 2667 apud

202 2687 364 2719 Graecos
392 2686 540 2728 quidem
566 2691 694 2729 poetas
720 2687 814 2718 tales
840 2687 1019 2728 prologos
1039 2685 1225 2718 habuisse.
1277 2685 1385 2724 Quod
1411 2695 1509 2716 nunc
1528 2684 1746 2726 Epitrepon-

200 2745 302 2777 tibus
322 2745 532 2778 confirmari
549 2745 707 2786 videtur,
734 2755 827 2786 quae
849 2745 893 2777 ab
915 2744 1078 2786 antiquis
1099 2744 1136 2776 in
1155 2743 1370 2776 clarissimis
1389 2742 1584 2776 Menandri
1609 2742 1745 2775 fabulis

199 2804 333 2836 ductae
368 2804 599 2846 expositione
625 2815 699 2836 non
730 2803 851 2836 minus
887 2803 1037 2845 egregia
1068 2802 1271 2834 instructae
1299 2807 1386 2834 sunt
1412 2813 1521 2844 quam
1547 2801 1746 2834 Hautonti-

198 2872 444 2895 morumenos.
