<?xml version="1.0" encoding="UTF-8"?>
<!DOCTYPE html PUBLIC "-//W3C//DTD XHTML 1.0 Transitional//EN"
    "http://www.w3.org/TR/xhtml1/DTD/xhtml1-transitional.dtd">
<html xmlns="http://www.w3.org/1999/xhtml" xml:lang="en" lang="en">
 <head>
  <title>
</title>
<meta http-equiv="Content-Type" content="text/html;charset=utf-8" />
  <meta name='ocr-system' content='tesseract 3.04.00' />
  <meta name='ocr-capabilities' content='ocr_page ocr_carea ocr_par ocr_line ocrx_word'/>
</head>
<body>
  <div class='ocr_page' id='page_1' title='image "./dehautontimorume00khuoft_0038.png"; bbox 0 0 2030 3266; ppageno 0'>
   <div class='ocr_carea' id='block_1_1' title="bbox 928 262 1214 301">
    <p class='ocr_par' dir='ltr' id='par_1_1' title="bbox 928 262 1214 301">
     <span class='ocr_line' id='line_1_1' title="bbox 928 262 1214 301; baseline 0.01 -13"><span class='ocrx_word' id='word_1_1' title='bbox 928 262 1100 301; x_wconf 54' lang='lat'>—30</span> <span class='ocrx_word' id='word_1_2' title='bbox 1162 287 1214 291; x_wconf 71' lang='grc'>,-</span> 
     </span>
    </p>
   </div>
   <div class='ocr_carea' id='block_1_2' title="bbox 301 379 1896 1917">
    <p class='ocr_par' dir='ltr' id='par_1_2' title="bbox 301 379 1846 502">
     <span class='ocr_line' id='line_1_2' title="bbox 301 379 1846 431; baseline 0.005 -16"><span class='ocrx_word' id='word_1_3' title='bbox 301 379 505 417; x_wconf 81' lang='lat' dir='ltr'>exeuntes</span> <span class='ocrx_word' id='word_1_4' title='bbox 522 382 546 426; x_wconf 76' lang='lat'>¹)</span> <span class='ocrx_word' id='word_1_5' title='bbox 586 379 868 431; x_wconf 79' lang='lat' dir='ltr'>conspexerit,</span> <span class='ocrx_word' id='word_1_6' title='bbox 912 392 1035 430; x_wconf 84' lang='lat' dir='ltr'>quam</span> <span class='ocrx_word' id='word_1_7' title='bbox 1075 381 1296 423; x_wconf 81' lang='lat' dir='ltr'>celerrime</span> <span class='ocrx_word' id='word_1_8' title='bbox 1335 381 1387 421; x_wconf 87' lang='lat' dir='ltr'>ad</span> <span class='ocrx_word' id='word_1_9' title='bbox 1420 381 1713 423; x_wconf 80' lang='lat' dir='ltr'>Menedemum</span> <span class='ocrx_word' id='word_1_10' title='bbox 1751 393 1846 423; x_wconf 86' lang='lat' dir='ltr'>con-</span> 
     </span>
     <span class='ocr_line' id='line_1_3' title="bbox 301 444 1154 502; baseline 0.008 -17"><span class='ocrx_word' id='word_1_11' title='bbox 301 444 424 497; x_wconf 75' lang='lat' dir='ltr'>fugit,</span> <span class='ocrx_word' id='word_1_12' title='bbox 459 458 582 497; x_wconf 85' lang='lat' dir='ltr'>quem</span> <span class='ocrx_word' id='word_1_13' title='bbox 612 453 877 500; x_wconf 79' lang='lat' dir='ltr'>precatorem</span> <span class='ocrx_word' id='word_1_14' title='bbox 909 451 991 492; x_wconf 80' lang='lat' dir='ltr'>sibi</span> <span class='ocrx_word' id='word_1_15' title='bbox 1024 456 1154 502; x_wconf 86' lang='lat' dir='ltr'>paret.</span> 
     </span>
    </p>

    <p class='ocr_par' dir='ltr' id='par_1_3' title="bbox 303 515 1856 983">
     <span class='ocr_line' id='line_1_4' title="bbox 420 515 1848 575; baseline 0.004 -18"><span class='ocrx_word' id='word_1_16' title='bbox 420 515 483 558; x_wconf 88' lang='lat' dir='ltr'>Sc.</span> <span class='ocrx_word' id='word_1_17' title='bbox 516 517 577 558; x_wconf 68' lang='lat' dir='ltr'>IV</span> <span class='ocrx_word' id='word_1_18' title='bbox 620 516 955 573; x_wconf 74' lang='lat'>(1003—1023).</span> <span class='ocrx_word' id='word_1_19' title='bbox 1028 521 1167 564; x_wconf 80' lang='lat' dir='ltr'>Mater</span> <span class='ocrx_word' id='word_1_20' title='bbox 1214 522 1327 564; x_wconf 91' lang='lat' dir='ltr'>enim</span> <span class='ocrx_word' id='word_1_21' title='bbox 1371 523 1573 575; x_wconf 79' lang='lat' dir='ltr'>benigna.</span> <span class='ocrx_word' id='word_1_22' title='bbox 1624 534 1731 574; x_wconf 86' lang='lat' dir='ltr'>quae</span> <span class='ocrx_word' id='word_1_23' title='bbox 1773 521 1848 563; x_wconf 89' lang='lat' dir='ltr'>filii</span> 
     </span>
     <span class='ocr_line' id='line_1_5' title="bbox 303 586 1849 641; baseline 0.005 -15"><span class='ocrx_word' id='word_1_24' title='bbox 303 586 544 638; x_wconf 83' lang='lat' dir='ltr'>suspicione</span> <span class='ocrx_word' id='word_1_25' title='bbox 599 595 815 641; x_wconf 83' lang='lat' dir='ltr'>comperta</span> <span class='ocrx_word' id='word_1_26' title='bbox 862 591 1059 632; x_wconf 85' lang='lat' dir='ltr'>maritum</span> <span class='ocrx_word' id='word_1_27' title='bbox 1106 593 1384 635; x_wconf 80' lang='lat' dir='ltr'>vehementer</span> <span class='ocrx_word' id='word_1_28' title='bbox 1433 594 1660 635; x_wconf 85' lang='lat' dir='ltr'>sollicitata</span> <span class='ocrx_word' id='word_1_29' title='bbox 1708 605 1849 634; x_wconf 85' lang='lat' dir='ltr'>secum</span> 
     </span>
     <span class='ocr_line' id='line_1_6' title="bbox 303 656 1852 715; baseline 0.004 -18"><span class='ocrx_word' id='word_1_30' title='bbox 303 656 417 699; x_wconf 77' lang='lat' dir='ltr'>foras</span> <span class='ocrx_word' id='word_1_31' title='bbox 463 658 594 711; x_wconf 82' lang='lat' dir='ltr'>duxit,</span> <span class='ocrx_word' id='word_1_32' title='bbox 638 660 723 701; x_wconf 86' lang='lat' dir='ltr'>iam</span> <span class='ocrx_word' id='word_1_33' title='bbox 770 661 932 703; x_wconf 86' lang='lat' dir='ltr'>sciendi</span> <span class='ocrx_word' id='word_1_34' title='bbox 974 669 1040 704; x_wconf 91' lang='lat' dir='ltr'>est</span> <span class='ocrx_word' id='word_1_35' title='bbox 1081 663 1367 715; x_wconf 77' lang='lat' dir='ltr'>cupidissima,</span> <span class='ocrx_word' id='word_1_36' title='bbox 1412 677 1591 715; x_wconf 82' lang='lat' dir='ltr'>quanam</span> <span class='ocrx_word' id='word_1_37' title='bbox 1635 663 1686 706; x_wconf 92' lang='lat' dir='ltr'>de</span> <span class='ocrx_word' id='word_1_38' title='bbox 1725 675 1852 704; x_wconf 83' lang='lat' dir='ltr'>causa</span> 
     </span>
     <span class='ocr_line' id='line_1_7' title="bbox 304 727 1851 785; baseline 0.003 -17"><span class='ocrx_word' id='word_1_39' title='bbox 304 727 480 769; x_wconf 87' lang='lat' dir='ltr'>stultum</span> <span class='ocrx_word' id='word_1_40' title='bbox 512 729 616 770; x_wconf 90' lang='lat' dir='ltr'>illud</span> <span class='ocrx_word' id='word_1_41' title='bbox 641 731 983 773; x_wconf 78' lang='lat' dir='ltr'>exheredationis</span> <span class='ocrx_word' id='word_1_42' title='bbox 1007 734 1227 775; x_wconf 88' lang='lat' dir='ltr'>consilium</span> <span class='ocrx_word' id='word_1_43' title='bbox 1251 735 1423 785; x_wconf 78' lang='lat' dir='ltr'>ceperit.</span> <span class='ocrx_word' id='word_1_44' title='bbox 1476 734 1554 776; x_wconf 90' lang='lat' dir='ltr'>Ille</span> <span class='ocrx_word' id='word_1_45' title='bbox 1575 747 1675 776; x_wconf 73' lang='lat' dir='ltr'>vero</span> <span class='ocrx_word' id='word_1_46' title='bbox 1697 735 1851 776; x_wconf 88' lang='lat' dir='ltr'>nedum</span> 
     </span>
     <span class='ocr_line' id='line_1_8' title="bbox 305 797 1852 855; baseline 0.005 -17"><span class='ocrx_word' id='word_1_47' title='bbox 305 797 431 851; x_wconf 86' lang='lat' dir='ltr'>dicat,</span> <span class='ocrx_word' id='word_1_48' title='bbox 465 811 511 841; x_wconf 89' lang='lat' dir='ltr'>se</span> <span class='ocrx_word' id='word_1_49' title='bbox 543 799 674 842; x_wconf 88' lang='lat' dir='ltr'>filium</span> <span class='ocrx_word' id='word_1_50' title='bbox 707 802 759 842; x_wconf 82' lang='lat' dir='ltr'>ab</span> <span class='ocrx_word' id='word_1_51' title='bbox 791 802 1030 844; x_wconf 85' lang='lat' dir='ltr'>hereditate</span> <span class='ocrx_word' id='word_1_52' title='bbox 1063 804 1274 846; x_wconf 90' lang='lat' dir='ltr'>seclusum</span> <span class='ocrx_word' id='word_1_53' title='bbox 1307 816 1403 846; x_wconf 89' lang='lat' dir='ltr'>esse</span> <span class='ocrx_word' id='word_1_54' title='bbox 1429 806 1652 847; x_wconf 86' lang='lat' dir='ltr'>simulasse</span> <span class='ocrx_word' id='word_1_55' title='bbox 1674 810 1852 855; x_wconf 87' lang='lat' dir='ltr'>tantum,</span> 
     </span>
     <span class='ocr_line' id='line_1_9' title="bbox 305 871 1856 927; baseline 0.005 -18"><span class='ocrx_word' id='word_1_56' title='bbox 305 881 478 911; x_wconf 79' lang='lat' dir='ltr'>uxorem</span> <span class='ocrx_word' id='word_1_57' title='bbox 511 871 639 912; x_wconf 83' lang='lat' dir='ltr'>etiam</span> <span class='ocrx_word' id='word_1_58' title='bbox 675 872 824 914; x_wconf 84' lang='lat' dir='ltr'>irridet</span> <span class='ocrx_word' id='word_1_59' title='bbox 866 877 993 925; x_wconf 84' lang='lat' dir='ltr'>atque</span> <span class='ocrx_word' id='word_1_60' title='bbox 1025 874 1177 927; x_wconf 77' lang='lat' dir='ltr'>illudit,</span> <span class='ocrx_word' id='word_1_61' title='bbox 1218 886 1310 916; x_wconf 88' lang='lat' dir='ltr'>cum</span> <span class='ocrx_word' id='word_1_62' title='bbox 1348 875 1439 917; x_wconf 93' lang='lat' dir='ltr'>eius</span> <span class='ocrx_word' id='word_1_63' title='bbox 1476 888 1614 919; x_wconf 86' lang='lat' dir='ltr'>mores</span> <span class='ocrx_word' id='word_1_64' title='bbox 1645 876 1721 917; x_wconf 89' lang='lat' dir='ltr'>filii</span> <span class='ocrx_word' id='word_1_65' title='bbox 1760 887 1856 917; x_wconf 90' lang='lat' dir='ltr'>esse</span> 
     </span>
     <span class='ocr_line' id='line_1_10' title="bbox 305 939 687 983; baseline 0.008 -3"><span class='ocrx_word' id='word_1_66' title='bbox 305 939 542 982; x_wconf 88' lang='lat' dir='ltr'>simillimos</span> <span class='ocrx_word' id='word_1_67' title='bbox 575 941 687 983; x_wconf 86' lang='lat' dir='ltr'>dicit.</span> 
     </span>
    </p>

    <p class='ocr_par' dir='ltr' id='par_1_4' title="bbox 309 1010 1896 1422">
     <span class='ocr_line' id='line_1_11' title="bbox 426 1010 1856 1068; baseline 0.004 -17"><span class='ocrx_word' id='word_1_68' title='bbox 426 1010 491 1052; x_wconf 81' lang='lat' dir='ltr'>Sc.</span> <span class='ocrx_word' id='word_1_69' title='bbox 514 1011 551 1052; x_wconf 74' lang='lat' dir='ltr'><strong>V</strong></span> <span class='ocrx_word' id='word_1_70' title='bbox 583 1011 918 1067; x_wconf 66' lang='lat'>‹1024—1044).</span> <span class='ocrx_word' id='word_1_71' title='bbox 972 1014 1054 1056; x_wconf 89' lang='lat' dir='ltr'>Sed</span> <span class='ocrx_word' id='word_1_72' title='bbox 1085 1015 1268 1067; x_wconf 81' lang='lat' dir='ltr'>Clitipho</span> <span class='ocrx_word' id='word_1_73' title='bbox 1300 1017 1393 1068; x_wconf 87' lang='lat' dir='ltr'>ipse</span> <span class='ocrx_word' id='word_1_74' title='bbox 1426 1017 1546 1058; x_wconf 89' lang='lat' dir='ltr'>domo</span> <span class='ocrx_word' id='word_1_75' title='bbox 1578 1017 1689 1059; x_wconf 87' lang='lat' dir='ltr'>redit</span> <span class='ocrx_word' id='word_1_76' title='bbox 1719 1017 1856 1058; x_wconf 89' lang='lat' dir='ltr'>denuo</span> 
     </span>
     <span class='ocr_line' id='line_1_12' title="bbox 309 1083 1858 1137; baseline 0.004 -15"><span class='ocrx_word' id='word_1_77' title='bbox 309 1095 332 1122; x_wconf 88' lang='lat' dir='ltr'>a</span> <span class='ocrx_word' id='word_1_78' title='bbox 365 1087 500 1123; x_wconf 87' lang='lat' dir='ltr'>matre</span> <span class='ocrx_word' id='word_1_79' title='bbox 540 1083 730 1135; x_wconf 85' lang='lat' dir='ltr'>petitum,</span> <span class='ocrx_word' id='word_1_80' title='bbox 771 1088 817 1125; x_wconf 88' lang='lat' dir='ltr'>ut</span> <span class='ocrx_word' id='word_1_81' title='bbox 859 1085 941 1126; x_wconf 78' lang='lat' dir='ltr'>sibi</span> <span class='ocrx_word' id='word_1_82' title='bbox 974 1092 1174 1137; x_wconf 86' lang='lat' dir='ltr'>parentes</span> <span class='ocrx_word' id='word_1_83' title='bbox 1214 1099 1311 1128; x_wconf 89' lang='lat' dir='ltr'>suos</span> <span class='ocrx_word' id='word_1_84' title='bbox 1349 1093 1566 1130; x_wconf 82' lang='lat' dir='ltr'>monstret.</span> <span class='ocrx_word' id='word_1_85' title='bbox 1629 1088 1717 1129; x_wconf 82' lang='lat' dir='ltr'>Iam</span> <span class='ocrx_word' id='word_1_86' title='bbox 1757 1099 1858 1128; x_wconf 82' lang='lat' dir='ltr'>vero</span> 
     </span>
     <span class='ocr_line' id='line_1_13' title="bbox 310 1152 1858 1210; baseline 0.006 -19"><span class='ocrx_word' id='word_1_87' title='bbox 310 1152 511 1193; x_wconf 73' lang='lat' dir='ltr'>Chremes</span> <span class='ocrx_word' id='word_1_88' title='bbox 544 1153 649 1194; x_wconf 82' lang='lat' dir='ltr'>iram</span> <span class='ocrx_word' id='word_1_89' title='bbox 684 1154 841 1196; x_wconf 87' lang='lat' dir='ltr'>diutius</span> <span class='ocrx_word' id='word_1_90' title='bbox 873 1156 1060 1198; x_wconf 81' lang='lat' dir='ltr'>retinere</span> <span class='ocrx_word' id='word_1_91' title='bbox 1091 1158 1252 1210; x_wconf 81' lang='lat' dir='ltr'>nequit,</span> <span class='ocrx_word' id='word_1_92' title='bbox 1293 1158 1420 1199; x_wconf 88' lang='lat' dir='ltr'>immo</span> <span class='ocrx_word' id='word_1_93' title='bbox 1452 1158 1583 1199; x_wconf 89' lang='lat' dir='ltr'>filium</span> <span class='ocrx_word' id='word_1_94' title='bbox 1615 1163 1703 1200; x_wconf 85' lang='lat' dir='ltr'>tam</span> <span class='ocrx_word' id='word_1_95' title='bbox 1735 1158 1858 1199; x_wconf 77' lang='lat' dir='ltr'>vehe-</span> 
     </span>
     <span class='ocr_line' id='line_1_14' title="bbox 312 1223 1860 1282; baseline 0.005 -19"><span class='ocrx_word' id='word_1_96' title='bbox 312 1227 477 1264; x_wconf 84' lang='lat' dir='ltr'>menter</span> <span class='ocrx_word' id='word_1_97' title='bbox 508 1223 715 1276; x_wconf 78' lang='lat' dir='ltr'>increpat,</span> <span class='ocrx_word' id='word_1_98' title='bbox 749 1232 794 1267; x_wconf 92' lang='lat' dir='ltr'>ut</span> <span class='ocrx_word' id='word_1_99' title='bbox 816 1226 852 1267; x_wconf 91' lang='lat' dir='ltr'>is</span> <span class='ocrx_word' id='word_1_100' title='bbox 875 1227 1124 1269; x_wconf 84' lang='lat' dir='ltr'>tritissimus</span> <span class='ocrx_word' id='word_1_101' title='bbox 1149 1228 1373 1270; x_wconf 74' lang='lat' dir='ltr'>exclamet:</span> <span class='ocrx_word' id='word_1_102' title='bbox 1411 1228 1570 1282; x_wconf 67' lang='lat' dir='ltr'>„Ehem</span> <span class='ocrx_word' id='word_1_103' title='bbox 1604 1241 1726 1280; x_wconf 83' lang='lat' dir='ltr'>quam</span> <span class='ocrx_word' id='word_1_104' title='bbox 1749 1241 1860 1270; x_wconf 84' lang='lat' dir='ltr'>nunc</span> 
     </span>
     <span class='ocr_line' id='line_1_15' title="bbox 309 1293 1896 1351; baseline 0.003 -17"><span class='ocrx_word' id='word_1_105' title='bbox 309 1297 424 1335; x_wconf 88' lang='lat' dir='ltr'>totus</span> <span class='ocrx_word' id='word_1_106' title='bbox 468 1293 672 1346; x_wconf 81' lang='lat' dir='ltr'>displiceo</span> <span class='ocrx_word' id='word_1_107' title='bbox 716 1296 830 1340; x_wconf 88' lang='lat' dir='ltr'>mihi.</span> <span class='ocrx_word' id='word_1_108' title='bbox 868 1295 874 1349; x_wconf 87' lang='grc' dir='ltr'>Ι</span> <span class='ocrx_word' id='word_1_109' title='bbox 912 1310 1034 1348; x_wconf 82' lang='lat' dir='ltr'>quani</span> <span class='ocrx_word' id='word_1_110' title='bbox 1074 1298 1220 1349; x_wconf 78' lang='lat' dir='ltr'>pudet!</span> <span class='ocrx_word' id='word_1_111' title='bbox 1282 1299 1428 1350; x_wconf 78' lang='lat' dir='ltr'>Neque</span> <span class='ocrx_word' id='word_1_112' title='bbox 1470 1299 1578 1351; x_wconf 88' lang='lat' dir='ltr'>quod</span> <span class='ocrx_word' id='word_1_113' title='bbox 1610 1299 1896 1351; x_wconf 88' lang='lat' dir='ltr'>principium.</span> 
     </span>
     <span class='ocr_line' id='line_1_16' title="bbox 311 1364 1275 1422; baseline 0.006 -18"><span class='ocrx_word' id='word_1_114' title='bbox 311 1364 475 1416; x_wconf 85' lang='lat' dir='ltr'>capiam</span> <span class='ocrx_word' id='word_1_115' title='bbox 508 1364 559 1406; x_wconf 87' lang='lat' dir='ltr'>ad</span> <span class='ocrx_word' id='word_1_116' title='bbox 594 1366 845 1417; x_wconf 83' lang='lat' dir='ltr'>placandum</span> <span class='ocrx_word' id='word_1_117' title='bbox 877 1368 963 1410; x_wconf 88' lang='lat' dir='ltr'>scio</span> <span class='ocrx_word' id='word_1_118' title='bbox 994 1368 1125 1411; x_wconf 66' lang='lat'>«1043</span> <span class='ocrx_word' id='word_1_119' title='bbox 1159 1369 1275 1422; x_wconf 68' lang='lat' dir='ltr'>sq.).·&#39;‘</span> 
     </span>
    </p>

    <p class='ocr_par' dir='ltr' id='par_1_5' title="bbox 313 1434 1869 1917">
     <span class='ocr_line' id='line_1_17' title="bbox 431 1434 1861 1493; baseline 0.003 -18"><span class='ocrx_word' id='word_1_120' title='bbox 431 1434 494 1477; x_wconf 84' lang='lat' dir='ltr'>Sc.</span> <span class='ocrx_word' id='word_1_121' title='bbox 519 1435 579 1477; x_wconf 68' lang='lat' dir='ltr'>VI</span> <span class='ocrx_word' id='word_1_122' title='bbox 621 1436 957 1493; x_wconf 56' lang='lat' dir='ltr'>(1045—106v).</span> <span class='ocrx_word' id='word_1_123' title='bbox 1022 1438 1105 1481; x_wconf 79' lang='lat' dir='ltr'>Sed</span> <span class='ocrx_word' id='word_1_124' title='bbox 1151 1445 1272 1491; x_wconf 83' lang='lat' dir='ltr'>pater</span> <span class='ocrx_word' id='word_1_125' title='bbox 1313 1441 1582 1492; x_wconf 74' lang='lat' dir='ltr'>iratissimus,</span> <span class='ocrx_word' id='word_1_126' title='bbox 1625 1441 1777 1482; x_wconf 87' lang='lat' dir='ltr'>nedum</span> <span class='ocrx_word' id='word_1_127' title='bbox 1825 1441 1861 1482; x_wconf 92' lang='lat' dir='ltr'>ei</span> 
     </span>
     <span class='ocr_line' id='line_1_18' title="bbox 313 1506 1863 1564; baseline 0.003 -18"><span class='ocrx_word' id='word_1_128' title='bbox 313 1506 481 1547; x_wconf 78' lang='lat' dir='ltr'>veniam</span> <span class='ocrx_word' id='word_1_129' title='bbox 515 1506 600 1560; x_wconf 89' lang='lat' dir='ltr'>det,</span> <span class='ocrx_word' id='word_1_130' title='bbox 635 1509 771 1561; x_wconf 75' lang='lat' dir='ltr'>magis</span> <span class='ocrx_word' id='word_1_131' title='bbox 805 1509 895 1550; x_wconf 91' lang='lat' dir='ltr'>eius</span> <span class='ocrx_word' id='word_1_132' title='bbox 928 1510 1112 1551; x_wconf 86' lang='lat' dir='ltr'>animum</span> <span class='ocrx_word' id='word_1_133' title='bbox 1147 1511 1278 1564; x_wconf 75' lang='lat' dir='ltr'>angit,</span> <span class='ocrx_word' id='word_1_134' title='bbox 1315 1523 1407 1552; x_wconf 88' lang='lat' dir='ltr'>cum</span> <span class='ocrx_word' id='word_1_135' title='bbox 1441 1524 1463 1553; x_wconf 90' lang='lat' dir='ltr'>e</span> <span class='ocrx_word' id='word_1_136' title='bbox 1496 1512 1759 1563; x_wconf 85' lang='lat' dir='ltr'>Menedemo,</span> <span class='ocrx_word' id='word_1_137' title='bbox 1794 1511 1863 1562; x_wconf 87' lang='lat' dir='ltr'>qui</span> 
     </span>
     <span class='ocr_line' id='line_1_19' title="bbox 314 1580 1862 1633; baseline 0.004 -17"><span class='ocrx_word' id='word_1_138' title='bbox 314 1589 409 1617; x_wconf 72' lang='lat' dir='ltr'>mox</span> <span class='ocrx_word' id='word_1_139' title='bbox 440 1589 589 1628; x_wconf 87' lang='lat' dir='ltr'>pacem</span> <span class='ocrx_word' id='word_1_140' title='bbox 620 1580 939 1621; x_wconf 84' lang='lat' dir='ltr'>reconciliatum</span> <span class='ocrx_word' id='word_1_141' title='bbox 973 1581 1159 1633; x_wconf 77' lang='lat' dir='ltr'>advenit,</span> <span class='ocrx_word' id='word_1_142' title='bbox 1195 1594 1268 1623; x_wconf 86' lang='lat' dir='ltr'>cur</span> <span class='ocrx_word' id='word_1_143' title='bbox 1300 1595 1381 1623; x_wconf 90' lang='lat' dir='ltr'>non</span> <span class='ocrx_word' id='word_1_144' title='bbox 1405 1588 1594 1624; x_wconf 86' lang='lat' dir='ltr'>arcessat</span> <span class='ocrx_word' id='word_1_145' title='bbox 1617 1582 1747 1623; x_wconf 83' lang='lat' dir='ltr'>filiam</span> <span class='ocrx_word' id='word_1_146' title='bbox 1770 1594 1862 1622; x_wconf 84' lang='lat' dir='ltr'>cum</span> 
     </span>
     <span class='ocr_line' id='line_1_20' title="bbox 314 1646 1864 1703; baseline 0.004 -16"><span class='ocrx_word' id='word_1_147' title='bbox 314 1646 413 1688; x_wconf 85' lang='lat' dir='ltr'>dote</span> <span class='ocrx_word' id='word_1_148' title='bbox 452 1651 613 1689; x_wconf 82' lang='lat' dir='ltr'>statuta</span> <span class='ocrx_word' id='word_1_149' title='bbox 653 1651 827 1700; x_wconf 81' lang='lat' dir='ltr'>quaerit.</span> <span class='ocrx_word' id='word_1_150' title='bbox 890 1651 980 1692; x_wconf 87' lang='lat' dir='ltr'>Iam</span> <span class='ocrx_word' id='word_1_151' title='bbox 1013 1658 1154 1693; x_wconf 83' lang='lat' dir='ltr'>autem</span> <span class='ocrx_word' id='word_1_152' title='bbox 1194 1658 1235 1693; x_wconf 90' lang='lat' dir='ltr'>et</span> <span class='ocrx_word' id='word_1_153' title='bbox 1269 1654 1321 1694; x_wconf 82' lang='lat' dir='ltr'>ab</span> <span class='ocrx_word' id='word_1_154' title='bbox 1354 1665 1484 1694; x_wconf 77' lang='lat' dir='ltr'>uxore</span> <span class='ocrx_word' id='word_1_155' title='bbox 1525 1658 1565 1694; x_wconf 90' lang='lat' dir='ltr'>et</span> <span class='ocrx_word' id='word_1_156' title='bbox 1599 1666 1622 1694; x_wconf 90' lang='grc'><strong>3</strong></span> <span class='ocrx_word' id='word_1_157' title='bbox 1655 1652 1740 1693; x_wconf 86' lang='lat' dir='ltr'>filio</span> <span class='ocrx_word' id='word_1_158' title='bbox 1773 1653 1864 1703; x_wconf 83' lang='lat' dir='ltr'>ipso</span> 
     </span>
     <span class='ocr_line' id='line_1_21' title="bbox 316 1719 1865 1775; baseline 0.003 -17"><span class='ocrx_word' id='word_1_159' title='bbox 316 1726 357 1759; x_wconf 87' lang='lat' dir='ltr'>et</span> <span class='ocrx_word' id='word_1_160' title='bbox 391 1731 414 1759; x_wconf 98' lang='grc'><strong>3</strong></span> <span class='ocrx_word' id='word_1_161' title='bbox 447 1719 586 1760; x_wconf 73' lang='lat' dir='ltr'>vicino</span> <span class='ocrx_word' id='word_1_162' title='bbox 626 1728 770 1761; x_wconf 80' lang='lat' dir='ltr'>oratur</span> <span class='ocrx_word' id='word_1_163' title='bbox 802 1726 928 1773; x_wconf 78' lang='lat' dir='ltr'>atque</span> <span class='ocrx_word' id='word_1_164' title='bbox 960 1728 1148 1775; x_wconf 77' lang='lat' dir='ltr'>rogatur,</span> <span class='ocrx_word' id='word_1_165' title='bbox 1190 1729 1234 1764; x_wconf 90' lang='lat' dir='ltr'>ut</span> <span class='ocrx_word' id='word_1_166' title='bbox 1267 1723 1612 1765; x_wconf 78' lang='lat' dir='ltr'>exheredationis</span> <span class='ocrx_word' id='word_1_167' title='bbox 1645 1723 1865 1764; x_wconf 88' lang='lat' dir='ltr'>consilium</span> 
     </span>
     <span class='ocr_line' id='line_1_22' title="bbox 315 1789 1868 1846; baseline 0.003 -17"><span class='ocrx_word' id='word_1_168' title='bbox 315 1789 522 1841; x_wconf 84' lang='lat' dir='ltr'>remittat3</span> <span class='ocrx_word' id='word_1_169' title='bbox 546 1790 653 1841; x_wconf 85' lang='lat' dir='ltr'>quod</span> <span class='ocrx_word' id='word_1_170' title='bbox 677 1798 819 1834; x_wconf 83' lang='lat' dir='ltr'>tamen</span> <span class='ocrx_word' id='word_1_171' title='bbox 844 1805 927 1834; x_wconf 92' lang='lat' dir='ltr'>non</span> <span class='ocrx_word' id='word_1_172' title='bbox 954 1794 1070 1845; x_wconf 89' lang='lat' dir='ltr'>prius</span> <span class='ocrx_word' id='word_1_173' title='bbox 1088 1794 1178 1834; x_wconf 80' lang='lat' dir='ltr'>vult</span> <span class='ocrx_word' id='word_1_174' title='bbox 1196 1793 1352 1846; x_wconf 83' lang='lat' dir='ltr'>facere,</span> <span class='ocrx_word' id='word_1_175' title='bbox 1372 1806 1497 1846; x_wconf 79' lang='lat' dir='ltr'>quam</span> <span class='ocrx_word' id='word_1_176' title='bbox 1514 1794 1626 1836; x_wconf 91' lang='lat' dir='ltr'>filius</span> <span class='ocrx_word' id='word_1_177' title='bbox 1644 1794 1868 1835; x_wconf 83' lang='lat' dir='ltr'>meretrice</span> 
     </span>
     <span class='ocr_line' id='line_1_23' title="bbox 317 1859 1869 1917; baseline 0.003 -17"><span class='ocrx_word' id='word_1_178' title='bbox 317 1859 513 1902; x_wconf 76' lang='lat' dir='ltr'>abdicata</span> <span class='ocrx_word' id='word_1_179' title='bbox 537 1873 582 1903; x_wconf 90' lang='lat' dir='ltr'>se</span> <span class='ocrx_word' id='word_1_180' title='bbox 606 1874 779 1904; x_wconf 76' lang='lat' dir='ltr'>uxorem</span> <span class='ocrx_word' id='word_1_181' title='bbox 803 1863 1026 1905; x_wconf 86' lang='lat' dir='ltr'>ducturum</span> <span class='ocrx_word' id='word_1_182' title='bbox 1049 1865 1262 1916; x_wconf 83' lang='lat' dir='ltr'>pollicitus</span> <span class='ocrx_word' id='word_1_183' title='bbox 1286 1865 1340 1906; x_wconf 85' lang='lat' dir='ltr'>sit</span> <span class='ocrx_word' id='word_1_184' title='bbox 1352 1864 1394 1917; x_wconf 47' lang='grc' dir='ltr'>ἓ).</span> <span class='ocrx_word' id='word_1_185' title='bbox 1448 1865 1716 1907; x_wconf 76' lang='lat' dir='ltr'>Necessitate</span> <span class='ocrx_word' id='word_1_186' title='bbox 1738 1864 1869 1915; x_wconf 65' lang='lat' dir='ltr'>igitur</span> 
     </span>
    </p>
   </div>
   <div class='ocr_carea' id='block_1_3' title="bbox 389 1945 466 1946">
    <p class='ocr_par' dir='ltr' id='par_1_6' title="bbox 389 1945 466 1946">
     <span class='ocr_line' id='line_1_24' title="bbox 389 1945 466 1946; baseline 0 0"><span class='ocrx_word' id='word_1_187' title='bbox 389 1945 466 1946; x_wconf 95' lang='lat' dir='ltr'> </span> 
     </span>
    </p>
   </div>
   <div class='ocr_carea' id='block_1_4' title="bbox 319 1978 1874 2906">
    <p class='ocr_par' dir='ltr' id='par_1_7' title="bbox 319 1978 1871 2485">
     <span class='ocr_line' id='line_1_25' title="bbox 438 1978 1869 2024; baseline 0.002 -15"><span class='ocrx_word' id='word_1_188' title='bbox 438 1978 465 2019; x_wconf 85' lang='lat'>¹)</span> <span class='ocrx_word' id='word_1_189' title='bbox 491 1978 722 2019; x_wconf 85' lang='lat' dir='ltr'>Legrandius</span> <span class='ocrx_word' id='word_1_190' title='bbox 754 1980 778 2013; x_wconf 84' lang='lat' dir='ltr'>l.</span> <span class='ocrx_word' id='word_1_191' title='bbox 812 1990 838 2012; x_wconf 91' lang='grc'><strong>3.</strong></span> <span class='ocrx_word' id='word_1_192' title='bbox 871 1991 905 2022; x_wconf 92' lang='lat' dir='ltr'>p.</span> <span class='ocrx_word' id='word_1_193' title='bbox 932 1980 1000 2012; x_wconf 80' lang='lat'>353</span> <span class='ocrx_word' id='word_1_194' title='bbox 1034 1981 1092 2013; x_wconf 86' lang='lat' dir='ltr'>hic</span> <span class='ocrx_word' id='word_1_195' title='bbox 1126 1981 1466 2024; x_wconf 85' lang='lat' dir='ltr'>reprehendendum</span> <span class='ocrx_word' id='word_1_196' title='bbox 1493 1991 1572 2014; x_wconf 90' lang='lat' dir='ltr'>esse</span> <span class='ocrx_word' id='word_1_197' title='bbox 1599 1986 1736 2022; x_wconf 63' lang='lat' dir='ltr'>censet,</span> <span class='ocrx_word' id='word_1_198' title='bbox 1771 1980 1869 2022; x_wconf 88' lang='lat' dir='ltr'>quod</span> 
     </span>
     <span class='ocr_line' id='line_1_26' title="bbox 319 2036 1870 2082; baseline 0.003 -15"><span class='ocrx_word' id='word_1_199' title='bbox 319 2042 355 2068; x_wconf 81' lang='lat' dir='ltr'>et</span> <span class='ocrx_word' id='word_1_200' title='bbox 391 2036 563 2069; x_wconf 83' lang='lat' dir='ltr'>Chremes</span> <span class='ocrx_word' id='word_1_201' title='bbox 597 2049 676 2070; x_wconf 88' lang='lat' dir='ltr'>cum</span> <span class='ocrx_word' id='word_1_202' title='bbox 707 2039 875 2071; x_wconf 80' lang='lat' dir='ltr'>Sostrata</span> <span class='ocrx_word' id='word_1_203' title='bbox 910 2050 1022 2072; x_wconf 86' lang='lat' dir='ltr'>causa</span> <span class='ocrx_word' id='word_1_204' title='bbox 1051 2051 1125 2072; x_wconf 85' lang='lat' dir='ltr'>non</span> <span class='ocrx_word' id='word_1_205' title='bbox 1152 2041 1265 2072; x_wconf 86' lang='lat' dir='ltr'>allata</span> <span class='ocrx_word' id='word_1_206' title='bbox 1295 2046 1400 2073; x_wconf 79' lang='lat' dir='ltr'>exeat</span> <span class='ocrx_word' id='word_1_207' title='bbox 1427 2046 1463 2073; x_wconf 81' lang='lat' dir='ltr'>et</span> <span class='ocrx_word' id='word_1_208' title='bbox 1489 2045 1667 2082; x_wconf 82' lang='lat' dir='ltr'>quattuor</span> <span class='ocrx_word' id='word_1_209' title='bbox 1697 2050 1870 2072; x_wconf 78' lang='lat' dir='ltr'>versuum</span> 
     </span>
     <span class='ocr_line' id='line_1_27' title="bbox 320 2095 1870 2142; baseline 0.003 -16"><span class='ocrx_word' id='word_1_210' title='bbox 320 2095 480 2138; x_wconf 86' lang='lat' dir='ltr'>spatium</span> <span class='ocrx_word' id='word_1_211' title='bbox 512 2096 601 2128; x_wconf 85' lang='lat' dir='ltr'>satis</span> <span class='ocrx_word' id='word_1_212' title='bbox 635 2108 710 2129; x_wconf 86' lang='lat' dir='ltr'>non</span> <span class='ocrx_word' id='word_1_213' title='bbox 737 2097 795 2140; x_wconf 79' lang='lat' dir='ltr'>sit,</span> <span class='ocrx_word' id='word_1_214' title='bbox 836 2109 908 2140; x_wconf 81' lang='lat' dir='ltr'>quo</span> <span class='ocrx_word' id='word_1_215' title='bbox 936 2098 1095 2141; x_wconf 81' lang='lat' dir='ltr'>Clitipho</span> <span class='ocrx_word' id='word_1_216' title='bbox 1131 2099 1379 2142; x_wconf 82' lang='lat' dir='ltr'>suspicionem</span> <span class='ocrx_word' id='word_1_217' title='bbox 1406 2110 1511 2132; x_wconf 85' lang='lat' dir='ltr'>suam</span> <span class='ocrx_word' id='word_1_218' title='bbox 1537 2110 1620 2132; x_wconf 88' lang='lat' dir='ltr'>cum</span> <span class='ocrx_word' id='word_1_219' title='bbox 1654 2099 1870 2142; x_wconf 79' lang='lat' dir='ltr'>parentibus</span> 
     </span>
     <span class='ocr_line' id='line_1_28' title="bbox 321 2155 1869 2199; baseline 0.002 -14"><span class='ocrx_word' id='word_1_220' title='bbox 321 2155 575 2188; x_wconf 82' lang='lat' dir='ltr'>communicet.</span> <span class='ocrx_word' id='word_1_221' title='bbox 657 2157 727 2189; x_wconf 87' lang='lat' dir='ltr'>Sed</span> <span class='ocrx_word' id='word_1_222' title='bbox 792 2158 981 2190; x_wconf 76' lang='lat' dir='ltr'>Sostratae</span> <span class='ocrx_word' id='word_1_223' title='bbox 1042 2159 1152 2190; x_wconf 85' lang='lat' dir='ltr'>animi</span> <span class='ocrx_word' id='word_1_224' title='bbox 1218 2159 1353 2191; x_wconf 84' lang='lat' dir='ltr'>affectu</span> <span class='ocrx_word' id='word_1_225' title='bbox 1408 2158 1615 2191; x_wconf 81' lang='lat' dir='ltr'>rectissime</span> <span class='ocrx_word' id='word_1_226' title='bbox 1672 2164 1869 2199; x_wconf 84' lang='lat' dir='ltr'>utrumque</span> 
     </span>
     <span class='ocr_line' id='line_1_29' title="bbox 322 2213 1870 2250; baseline 0.001 -5"><span class='ocrx_word' id='word_1_227' title='bbox 322 2213 539 2249; x_wconf 80' lang='lat' dir='ltr'>declaratur.</span> <span class='ocrx_word' id='word_1_228' title='bbox 568 2225 650 2247; x_wconf 83' lang='lat' dir='ltr'>cum</span> <span class='ocrx_word' id='word_1_229' title='bbox 678 2227 721 2248; x_wconf 76' lang='lat' dir='ltr'>ex</span> <span class='ocrx_word' id='word_1_230' title='bbox 748 2221 827 2248; x_wconf 84' lang='lat' dir='ltr'>toto</span> <span class='ocrx_word' id='word_1_231' title='bbox 847 2218 1044 2249; x_wconf 75' lang='lat' dir='ltr'>verborum</span> <span class='ocrx_word' id='word_1_232' title='bbox 1071 2228 1167 2250; x_wconf 77' lang='lat' dir='ltr'>nexu</span> <span class='ocrx_word' id='word_1_233' title='bbox 1188 2218 1481 2250; x_wconf 82' lang='lat' dir='ltr'>concludendum</span> <span class='ocrx_word' id='word_1_234' title='bbox 1508 2217 1556 2250; x_wconf 77' lang='lat' dir='ltr'>sit</span> <span class='ocrx_word' id='word_1_235' title='bbox 1574 2215 1870 2249; x_wconf 78' lang='lat' dir='ltr'>exheredationis</span> 
     </span>
     <span class='ocr_line' id='line_1_30' title="bbox 323 2274 1870 2319; baseline 0.001 -13"><span class='ocrx_word' id='word_1_236' title='bbox 323 2274 477 2306; x_wconf 86' lang='lat' dir='ltr'>consilio</span> <span class='ocrx_word' id='word_1_237' title='bbox 496 2274 557 2306; x_wconf 79' lang='lat' dir='ltr'>vix</span> <span class='ocrx_word' id='word_1_238' title='bbox 576 2281 763 2317; x_wconf 87' lang='lat' dir='ltr'>comperto</span> <span class='ocrx_word' id='word_1_239' title='bbox 786 2275 970 2316; x_wconf 79' lang='lat' dir='ltr'>maritum,</span> <span class='ocrx_word' id='word_1_240' title='bbox 995 2276 1130 2319; x_wconf 87' lang='lat' dir='ltr'>quippe</span> <span class='ocrx_word' id='word_1_241' title='bbox 1146 2287 1252 2318; x_wconf 83' lang='lat' dir='ltr'>quem</span> <span class='ocrx_word' id='word_1_242' title='bbox 1269 2287 1393 2309; x_wconf 88' lang='lat' dir='ltr'>coram</span> <span class='ocrx_word' id='word_1_243' title='bbox 1414 2276 1489 2308; x_wconf 84' lang='lat' dir='ltr'>filio</span> <span class='ocrx_word' id='word_1_244' title='bbox 1508 2276 1739 2317; x_wconf 86' lang='lat' dir='ltr'>interrogare</span> <span class='ocrx_word' id='word_1_245' title='bbox 1765 2274 1870 2314; x_wconf 77' lang='lat' dir='ltr'>nolit,</span> 
     </span>
     <span class='ocr_line' id='line_1_31' title="bbox 322 2334 1871 2377; baseline 0 -12"><span class='ocrx_word' id='word_1_246' title='bbox 322 2335 367 2366; x_wconf 87' lang='lat' dir='ltr'>ab</span> <span class='ocrx_word' id='word_1_247' title='bbox 395 2344 438 2366; x_wconf 87' lang='grc'><strong>03,</strong></span> <span class='ocrx_word' id='word_1_248' title='bbox 463 2334 563 2366; x_wconf 82' lang='lat' dir='ltr'>foras</span> <span class='ocrx_word' id='word_1_249' title='bbox 590 2334 688 2375; x_wconf 71' lang='lat' dir='ltr'>duci,</span> <span class='ocrx_word' id='word_1_250' title='bbox 729 2345 811 2366; x_wconf 88' lang='lat' dir='ltr'>cum</span> <span class='ocrx_word' id='word_1_251' title='bbox 845 2334 925 2377; x_wconf 87' lang='lat' dir='ltr'>ipsa</span> <span class='ocrx_word' id='word_1_252' title='bbox 955 2335 1043 2377; x_wconf 80' lang='lat' dir='ltr'>quid</span> <span class='ocrx_word' id='word_1_253' title='bbox 1070 2335 1208 2367; x_wconf 83' lang='lat' dir='ltr'>factum</span> <span class='ocrx_word' id='word_1_254' title='bbox 1244 2335 1308 2375; x_wconf 76' lang='lat' dir='ltr'>sit,</span> <span class='ocrx_word' id='word_1_255' title='bbox 1344 2346 1498 2377; x_wconf 85' lang='lat' dir='ltr'>prorsus</span> <span class='ocrx_word' id='word_1_256' title='bbox 1536 2334 1688 2367; x_wconf 81' lang='lat' dir='ltr'>nesciat.</span> <span class='ocrx_word' id='word_1_257' title='bbox 1740 2334 1871 2376; x_wconf 86' lang='lat' dir='ltr'>Itaque</span> 
     </span>
     <span class='ocr_line' id='line_1_32' title="bbox 323 2393 1871 2436; baseline -0.001 -12"><span class='ocrx_word' id='word_1_258' title='bbox 323 2393 535 2435; x_wconf 79' lang='lat' dir='ltr'>imperitum</span> <span class='ocrx_word' id='word_1_259' title='bbox 574 2401 721 2435; x_wconf 86' lang='lat' dir='ltr'>poetam</span> <span class='ocrx_word' id='word_1_260' title='bbox 756 2404 830 2425; x_wconf 87' lang='grc'><strong>11011</strong></span> <span class='ocrx_word' id='word_1_261' title='bbox 863 2393 963 2426; x_wconf 88' lang='lat' dir='ltr'>dicas</span> <span class='ocrx_word' id='word_1_262' title='bbox 999 2404 1091 2435; x_wconf 62' lang='lat' dir='ltr'>eum,</span> <span class='ocrx_word' id='word_1_263' title='bbox 1127 2394 1190 2436; x_wconf 82' lang='lat' dir='ltr'>qui</span> <span class='ocrx_word' id='word_1_264' title='bbox 1223 2395 1313 2426; x_wconf 86' lang='lat' dir='ltr'>haec</span> <span class='ocrx_word' id='word_1_265' title='bbox 1346 2394 1528 2436; x_wconf 79' lang='lat' dir='ltr'>expressis</span> <span class='ocrx_word' id='word_1_266' title='bbox 1554 2393 1677 2426; x_wconf 70' lang='lat' dir='ltr'>verbis</span> <span class='ocrx_word' id='word_1_267' title='bbox 1711 2393 1871 2425; x_wconf 83' lang='lat' dir='ltr'>indicare</span> 
     </span>
     <span class='ocr_line' id='line_1_33' title="bbox 322 2452 453 2485; baseline 0.008 -1"><span class='ocrx_word' id='word_1_268' title='bbox 322 2452 453 2485; x_wconf 86' lang='lat' dir='ltr'>noluit.</span> 
     </span>
    </p>

    <p class='ocr_par' dir='ltr' id='par_1_8' title="bbox 322 2511 1874 2906">
     <span class='ocr_line' id='line_1_34' title="bbox 444 2511 1872 2554; baseline -0.001 -11"><span class='ocrx_word' id='word_1_269' title='bbox 444 2511 472 2553; x_wconf 69' lang='lat'>2)</span> <span class='ocrx_word' id='word_1_270' title='bbox 501 2511 617 2551; x_wconf 84' lang='lat' dir='ltr'>Quem</span> <span class='ocrx_word' id='word_1_271' title='bbox 658 2511 704 2543; x_wconf 87' lang='lat' dir='ltr'>ad</span> <span class='ocrx_word' id='word_1_272' title='bbox 738 2511 886 2544; x_wconf 85' lang='lat' dir='ltr'>fabulae</span> <span class='ocrx_word' id='word_1_273' title='bbox 923 2511 1058 2544; x_wconf 78' lang='lat' dir='ltr'>exitum</span> <span class='ocrx_word' id='word_1_274' title='bbox 1094 2512 1297 2544; x_wconf 79' lang='lat' dir='ltr'>Nencinius</span> <span class='ocrx_word' id='word_1_275' title='bbox 1332 2513 1354 2545; x_wconf 89' lang='lat' dir='ltr'>l.</span> <span class='ocrx_word' id='word_1_276' title='bbox 1388 2522 1415 2543; x_wconf 91' lang='grc'>3.</span> <span class='ocrx_word' id='word_1_277' title='bbox 1448 2523 1482 2554; x_wconf 91' lang='lat' dir='ltr'>p.</span> <span class='ocrx_word' id='word_1_278' title='bbox 1509 2512 1553 2543; x_wconf 82' lang='lat'>68</span> <span class='ocrx_word' id='word_1_279' title='bbox 1586 2512 1676 2543; x_wconf 87' lang='lat' dir='ltr'>haec</span> <span class='ocrx_word' id='word_1_280' title='bbox 1703 2515 1872 2543; x_wconf 80' lang='lat' dir='ltr'>annotat:</span> 
     </span>
     <span class='ocr_line' id='line_1_35' title="bbox 328 2570 1873 2612; baseline -0.001 -10"><span class='ocrx_word' id='word_1_281' title='bbox 328 2570 457 2610; x_wconf 78' lang='lat' dir='ltr'>„Quod</span> <span class='ocrx_word' id='word_1_282' title='bbox 491 2570 637 2612; x_wconf 84' lang='lat' dir='ltr'>quidem</span> <span class='ocrx_word' id='word_1_283' title='bbox 664 2570 941 2602; x_wconf 86' lang='lat' dir='ltr'>matrimonium</span> <span class='ocrx_word' id='word_1_284' title='bbox 976 2581 1041 2603; x_wconf 90' lang='lat' dir='ltr'>nec</span> <span class='ocrx_word' id='word_1_285' title='bbox 1068 2570 1317 2603; x_wconf 85' lang='lat' dir='ltr'>necessarium</span> <span class='ocrx_word' id='word_1_286' title='bbox 1344 2576 1562 2611; x_wconf 84' lang='lat' dir='ltr'>argumento</span> <span class='ocrx_word' id='word_1_287' title='bbox 1590 2570 1747 2611; x_wconf 87' lang='lat' dir='ltr'>fabulae,</span> <span class='ocrx_word' id='word_1_288' title='bbox 1773 2574 1873 2612; x_wconf 78' lang='lat' dir='ltr'>post-</span> 
     </span>
     <span class='ocr_line' id='line_1_36' title="bbox 327 2628 1872 2672; baseline -0.001 -11"><span class='ocrx_word' id='word_1_289' title='bbox 327 2640 436 2670; x_wconf 84' lang='lat' dir='ltr'>quam</span> <span class='ocrx_word' id='word_1_290' title='bbox 457 2629 674 2661; x_wconf 82' lang='lat' dir='ltr'>adulescens</span> <span class='ocrx_word' id='word_1_291' title='bbox 693 2630 922 2662; x_wconf 85' lang='lat' dir='ltr'>meretricem</span> <span class='ocrx_word' id='word_1_292' title='bbox 947 2630 1145 2670; x_wconf 80' lang='lat' dir='ltr'>abdicavit,</span> <span class='ocrx_word' id='word_1_293' title='bbox 1172 2640 1239 2662; x_wconf 89' lang='lat' dir='ltr'>nec</span> <span class='ocrx_word' id='word_1_294' title='bbox 1265 2640 1419 2672; x_wconf 88' lang='lat' dir='ltr'>prorsus</span> <span class='ocrx_word' id='word_1_295' title='bbox 1446 2630 1523 2661; x_wconf 87' lang='lat' dir='ltr'>ulla</span> <span class='ocrx_word' id='word_1_296' title='bbox 1541 2636 1649 2661; x_wconf 83' lang='lat' dir='ltr'>antea</span> <span class='ocrx_word' id='word_1_297' title='bbox 1675 2628 1753 2661; x_wconf 80' lang='lat' dir='ltr'>arte</span> <span class='ocrx_word' id='word_1_298' title='bbox 1770 2639 1872 2671; x_wconf 86' lang='lat' dir='ltr'>prae-</span> 
     </span>
     <span class='ocr_line' id='line_1_37' title="bbox 327 2687 1872 2731; baseline -0.001 -11"><span class='ocrx_word' id='word_1_299' title='bbox 327 2693 498 2730; x_wconf 74' lang='lat' dir='ltr'>paratum</span> <span class='ocrx_word' id='word_1_300' title='bbox 523 2699 591 2721; x_wconf 86' lang='lat' dir='ltr'>nec</span> <span class='ocrx_word' id='word_1_301' title='bbox 617 2688 741 2720; x_wconf 85' lang='lat' dir='ltr'>decori</span> <span class='ocrx_word' id='word_1_302' title='bbox 772 2688 918 2730; x_wconf 82' lang='lat' dir='ltr'>legibus</span> <span class='ocrx_word' id='word_1_303' title='bbox 950 2689 1177 2731; x_wconf 86' lang='lat' dir='ltr'>respondens</span> <span class='ocrx_word' id='word_1_304' title='bbox 1206 2688 1269 2720; x_wconf 90' lang='lat' dir='ltr'>uni</span> <span class='ocrx_word' id='word_1_305' title='bbox 1295 2688 1466 2720; x_wconf 78' lang='lat' dir='ltr'>Terentio</span> <span class='ocrx_word' id='word_1_306' title='bbox 1494 2687 1618 2720; x_wconf 88' lang='lat' dir='ltr'>deberi</span> <span class='ocrx_word' id='word_1_307' title='bbox 1645 2698 1787 2720; x_wconf 83' lang='lat' dir='ltr'>amores</span> <span class='ocrx_word' id='word_1_308' title='bbox 1815 2698 1872 2719; x_wconf 83' lang='lat' dir='ltr'>co-</span> 
     </span>
     <span class='ocr_line' id='line_1_38' title="bbox 327 2746 1872 2790; baseline -0.001 -11"><span class='ocrx_word' id='word_1_309' title='bbox 327 2748 441 2780; x_wconf 84' lang='lat' dir='ltr'>micos</span> <span class='ocrx_word' id='word_1_310' title='bbox 469 2747 609 2790; x_wconf 75' lang='lat' dir='ltr'>nuptiis</span> <span class='ocrx_word' id='word_1_311' title='bbox 637 2748 856 2780; x_wconf 87' lang='lat' dir='ltr'>concludere</span> <span class='ocrx_word' id='word_1_312' title='bbox 883 2747 992 2779; x_wconf 79' lang='lat' dir='ltr'>solito</span> <span class='ocrx_word' id='word_1_313' title='bbox 1020 2747 1098 2779; x_wconf 86' lang='lat' dir='ltr'>iure</span> <span class='ocrx_word' id='word_1_314' title='bbox 1125 2747 1334 2790; x_wconf 84' lang='lat' dir='ltr'>suspiceris,</span> <span class='ocrx_word' id='word_1_315' title='bbox 1368 2757 1590 2789; x_wconf 88' lang='lat' dir='ltr'>quamquam</span> <span class='ocrx_word' id='word_1_316' title='bbox 1617 2746 1654 2778; x_wconf 90' lang='lat' dir='ltr'>id</span> <span class='ocrx_word' id='word_1_317' title='bbox 1679 2756 1744 2789; x_wconf 87' lang='lat' dir='ltr'>pro</span> <span class='ocrx_word' id='word_1_318' title='bbox 1773 2750 1872 2778; x_wconf 74' lang='lat' dir='ltr'>certo</span> 
     </span>
     <span class='ocr_line' id='line_1_39' title="bbox 322 2804 1874 2848; baseline -0.002 -9"><span class='ocrx_word' id='word_1_319' title='bbox 322 2806 511 2845; x_wconf 22' lang='lat' dir='ltr'>*affirmare</span> <span class='ocrx_word' id='word_1_320' title='bbox 529 2817 603 2839; x_wconf 85' lang='lat' dir='ltr'>non</span> <span class='ocrx_word' id='word_1_321' title='bbox 624 2806 793 2848; x_wconf 87' lang='lat' dir='ltr'>equidem</span> <span class='ocrx_word' id='word_1_322' title='bbox 812 2806 964 2839; x_wconf 84' lang='lat' dir='ltr'>ausim“.</span> <span class='ocrx_word' id='word_1_323' title='bbox 1008 2807 1109 2846; x_wconf 84' lang='lat' dir='ltr'>Quae</span> <span class='ocrx_word' id='word_1_324' title='bbox 1136 2807 1249 2839; x_wconf 84' lang='lat' dir='ltr'>verba</span> <span class='ocrx_word' id='word_1_325' title='bbox 1275 2806 1320 2838; x_wconf 87' lang='lat' dir='ltr'>ad</span> <span class='ocrx_word' id='word_1_326' title='bbox 1346 2816 1460 2838; x_wconf 89' lang='lat' dir='ltr'>unum</span> <span class='ocrx_word' id='word_1_327' title='bbox 1487 2805 1610 2837; x_wconf 88' lang='lat' dir='ltr'>omnia</span> <span class='ocrx_word' id='word_1_328' title='bbox 1628 2815 1708 2837; x_wconf 81' lang='lat' dir='ltr'>esse</span> <span class='ocrx_word' id='word_1_329' title='bbox 1734 2804 1874 2836; x_wconf 78' lang='lat' dir='ltr'>futtilia</span> 
     </span>
     <span class='ocr_line' id='line_1_40' title="bbox 329 2863 1874 2906; baseline -0.001 -9"><span class='ocrx_word' id='word_1_330' title='bbox 329 2876 373 2897; x_wconf 75' lang='lat' dir='ltr'>ex</span> <span class='ocrx_word' id='word_1_331' title='bbox 398 2876 520 2898; x_wconf 89' lang='lat' dir='ltr'>rerum</span> <span class='ocrx_word' id='word_1_332' title='bbox 546 2877 638 2898; x_wconf 79' lang='lat' dir='ltr'>nexu</span> <span class='ocrx_word' id='word_1_333' title='bbox 667 2866 775 2898; x_wconf 87' lang='lat' dir='ltr'>modo</span> <span class='ocrx_word' id='word_1_334' title='bbox 795 2865 1046 2898; x_wconf 81' lang='lat' dir='ltr'>demonstrato</span> <span class='ocrx_word' id='word_1_335' title='bbox 1075 2864 1324 2906; x_wconf 82' lang='lat' dir='ltr'>cognoscitur.</span> <span class='ocrx_word' id='word_1_336' title='bbox 1374 2865 1456 2896; x_wconf 85' lang='lat' dir='ltr'>Hoc</span> <span class='ocrx_word' id='word_1_337' title='bbox 1482 2864 1578 2896; x_wconf 88' lang='lat' dir='ltr'>enim</span> <span class='ocrx_word' id='word_1_338' title='bbox 1595 2863 1874 2896; x_wconf 85' lang='lat' dir='ltr'>matrimonium</span> 
     </span>
    </p>
   </div>
  </div>
 </body>
</html>
