2030 3266
775 289 1066 329 „57-

152 414 195 452 et
227 404 380 452 effecta
413 409 464 460 (p.
493 406 567 460 44)
600 411 643 450 et
676 407 890 450 declarata
923 404 979 459 (p.
1013 404 1037 445 9
1071 417 1135 447 an.
1170 405 1208 453 1,
1240 416 1278 455 p.
1313 401 1531 455 303111)
1562 406 1693 444 totam

152 484 288 522 artem
320 479 624 521 Menandream
658 489 902 530 cognoscas,
944 489 1033 518 non.
1059 474 1360 526 adulescentis,
1406 473 1481 515 sed
1514 472 1691 524 perfecti

154 555 316 602 poetae.
373 585 391 595 ,

269 621 408 662 Mores
440 631 541 662 vero
573 631 849 671 personarum
870 619 985 671 ipsos
1008 618 1179 660 minime
1201 617 1387 660 tenuiter
1409 628 1505 659 esse
1528 616 1694 659 demon-

152 696 322 742 stratos,
366 690 440 732 sed
484 689 658 743 egregie
701 701 794 731 cum
836 696 987 731 natura
1027 689 1211 730 humana
1243 700 1478 740 congruere
1511 686 1695 729 Siessius

153 761 258 803 satis
281 761 510 813 diligenter
533 760 740 812 exposuit,
770 760 887 801 cuius
910 761 1042 802 verba
1068 771 1131 813 ea,
1155 760 1306 811 quibus
1330 758 1696 801 commentationis

153 843 255 873 suae
288 831 408 882 quasi
448 843 654 872 summam
686 830 863 882 profert,
896 830 989 882 ipsa
1021 831 1149 872 liceat
1180 829 1335 872 afferre
1369 830 1408 879 (l.
1441 841 1471 870 s.
1504 842 1541 881 p.
1575 828 1695 879 26&

156 902 262 954 „Die
294 902 434 943 Kunst
466 901 540 943 des
572 901 775 943 Dichters
806 901 851 941 in
874 901 950 943 der
973 900 1455 952 (stharakterzeichnung
1486 899 1697 941 offenbart

152 973 243 1014 sich
286 973 343 1014 im
374 972 852 1014 Hautontimorumenos
884 983 960 1013 vor
992 971 1118 1013 allem
1152 971 1284 1012 durch
1317 971 1386 1013 die
1419 970 1697 1022 Gegeniiher-

153 1043 341 1096 stellung
373 1055 418 1085 so
447 1043 579 1084 vieler
611 1041 986 1095 gegensatzlicher
1008 1042 1284 1084 Charaktere.
1341 1042 1430 1083 Der
1452 1039 1697 1094 Gegensatz

153 1114 228 1156 der
267 1114 419 1156 beiden
457 1114 587 1155 Alten
626 1113 682 1154 ist
714 1112 775 1154 oft
807 1113 1024 1165 gei-iihmt3
1057 1113 1137 1155 wir
1168 1113 1306 1154 haben
1339 1112 1461 1154 indes
1492 1111 1696 1165 gesehen‚

153 1184 252 1226 dass
291 1198 338 1226 31·
377 1185 467 1226 31311
505 1185 547 1225 in
589 1184 672 1225 den
705 1183 998 1225 Charakteren
1031 1183 1107 1225 der
1140 1182 1282 1225 Sohne
1316 1183 1580 1234 wiederholt,
1613 1181 1696 1223 und

154 1255 252 1297 dass
296 1256 453 1308 gerade
496 1255 564 1297 die
604 1244 896 1305 Ahnliohkeit,
937 1254 1004 1296 die
1044 1254 1256 1296 zwischen
1289 1254 1371 1296 den
1406 1254 1698 1295 Charakteren

155 1326 229 1368 des
253 1326 527 1368 Menedemus
550 1326 635 1367 und
653 1325 790 1366 (ss'linia
813 1325 1050 1373 einerseits,
1076 1325 1150 1366 (133
1175 1325 1377 1366 (hiemes
1406 1324 1491 1365 und
1515 1323 1698 1375 Clitipho

155 1397 416 1439 andrerseits
440 1396 624 1448 besteht‚
644 1396 791 1438 diesen
808 1394 1033 1438 Gestalten
1053 1396 1133 1437 (1311
1157 1395 1311 1437 Schein
1334 1394 1700 1437 iiberraschendor

155 1467 542 1510 Lebenswahrheit
572 1467 676 1520 gibt.
738 1467 846 1508 Dem
879 1465 1124 1519 Gegensatz
1164 1466 1241 1508 der
1279 1466 1431 1508 beiden
1463 1465 1700 1518 Jiinglinge

155 1539 258 1580 aber
301 1538 541 1590 entspricht
582 1538 742 1580 wieder
793 1537 1014 1589 derjenige
1064 1538 1139 1579 der
1187 1550 1268 1579 von
1310 1538 1440 1578 ihnen
1483 1536 1700 1589 geliebten

156 1609 381 1650 Madchen.
456 1609 585 1651 Diese
628 1608 933 1661 Gruppierung
976 1621 1057 1650 von
1102 1608 1420 1661 Gegensiitzem
1462 1607 1554 1649 ihre
1598 1606 1701 1648 Ver·

156 1680 412 1733 schlingung·
431 1679 475 1720 in
498 1680 593 1722 eine
615 1680 782 1732 einzige
805 1679 1036 1732 Handlung·
1058 1680 1115 1720 ist
1137 1678 1525 1721 ausserordentlich
1554 1679 1701 1719 kunst-

156 1750 243 1792 voll
280 1763 330 1792 zu
368 1751 564 1792 nehmen.
632 1752 749 1792 Aher
787 1751 895 1792 auch
935 1750 1128 1792 Sostrata
1165 1749 1250 1791 und
1295 1749 1445 1802 Syrus,
1494 1749 1562 1789 (113
1600 1748 1701 1789 kein

158 1820 400 1874 Gegenbild
423 1821 480 1863 im
499 1821 658 1863 Sti'icke
680 1821 834 1870 haben,
854 1820 947 1862 sind
967 1821 1096 1863 keine
1113 1821 1311 1862 trivialen
1332 1820 1702 1872 Repra'sentanten

158 1892 273 1933 ihres
294 1893 449 1944 Typus,
469 1893 652 1934 sondern
671 1892 879 1934 ebenfalls
901 1892 1173 1934 lebenswahr
1194 1891 1278 1932 und
1301 1891 1387 1932 fein
1410 1890 1698 1942 gezeichnet.“

275 1964 455 2005 Accedit
487 1963 596 2014 quod
625 1963 889 2015 expositione
921 1963 1061 2005 omnia
1092 1962 1345 2014 indicantur,
1378 1973 1485 2012 quae
1518 1961 1568 2001 ad
1603 1961 1703 2002 acti-

160 2046 280 2076 onem
312 2033 498 2075 futuram
530 2038 646 2075 13313
673 2033 1006 2086 intellegendam
1038 2033 1281 2075 necessaria
1309 2039 1419 2081 sunt,
1452 2043 1589 2082 neque
1611 2044 1704 2083 pro-

158 2104 254 2157 logo
283 2116 387 2156 opus
420 2108 499 2156 est,
534 2116 613 2154 quo
635 2116 734 2156 pars
767 2104 1007 2156 argumenti
1035 2103 1246 2145 narrando
1270 2103 1516 2154 explicetur.
1560 2103 1704 2143 Prima

159 2180 300 2216 autem
319 2187 473 2216 scaena
491 2179 534 2216 et
551 2175 642 2216 sine
660 2175 743 2216 ullo
761 2175 939 2216 artificio
956 2175 999 2216 in
1013 2175 1083 2216 via
1101 2178 1167 2216 est
1184 2174 1321 2225 posita
1339 2178 1381 2215 et
1394 2185 1495 2215 vero
1513 2173 1704 2215 diverhio

159 2245 454 2297 contineturw,
489 2257 568 2296 quo
600 2246 661 2287 nil
693 2246 875 2287 solorum
905 2250 1191 2298 spectatorum
1213 2257 1340 2286 331133
1362 2243 1587 2295 profertur,
1612 2256 1705 2286 311111

160 2329 284 2358 331133
317 2316 398 2367 ipsi
427 2327 570 2358 secum
603 2317 795 2358 collocuti
830 2317 1013 2358 nondum
1047 2316 1133 2358 sint
1147 2316 1187 2367 2).
1241 2315 1385 2365 Neque
1418 2315 1542 2356 aliter
1563 2314 1615 2356 de
1643 2326 1705 2355 se-

161 2387 296 2428 cunda
336 2398 490 2428 scaena
531 2387 801 2429 iudicandum
843 2392 921 2439 est,
962 2399 1055 2428 311111
1096 2387 1297 2428 0111311133
1331 2398 1384 2427 113
1416 2385 1468 2426 (13
1500 2385 1573 2426 illa
1606 2385 1704 2425 ami-

283 2539 309 2581 1)
338 2539 419 2578 Qua
445 2540 487 2571 de
514 2539 719 2582 exponendi
745 2539 888 2572 ratione
915 2539 959 2572 cf.
986 2539 1132 2578 Frantz,
1159 2539 1214 2570 De
1241 2548 1331 2571 30111.
1357 2537 1503 2569 Atticae
1528 2538 1705 2580 prologis,

162 2597 481 2639 Dissert.Argent.
493 2599 582 2630 1891
598 2609 632 2640 p.
644 2599 698 2632 15.
718 2599 797 2630 Iam
812 2598 923 2630 huius
937 2598 1122 2641 perfectae
1137 2596 1379 2639 expositionis
1395 2597 1601 2638 exemplum
1616 2596 1705 2629 satis

163 2656 329 2698 dignum,
356 2657 453 2698 quod
473 2668 555 2689 cum
572 2657 962 2689 Hautontiniorunieni
981 2660 1225 2698 comparetur,
1252 2655 1511 2698 Epitrepontes
1529 2656 1708 2697 praebent

162 2715 220 2756 (cf.
246 2726 279 2758 p.
306 2717 352 2748 44
378 2727 434 2749 an.
461 2716 508 2759 3).

281 2772 309 2817 2)
336 2775 524 2814 Quantum
556 2774 703 2807 intersit
728 2775 826 2807 inter
851 2775 946 2807 hanc
973 2774 1240 2817 expositionem
1274 2779 1309 2806 et
1336 2784 1426 2814 eam,
1455 2783 1527 2814 qua
1552 2774 1708 2816 exempli

164 2833 286 2875 gratia
303 2844 413 2866 senex
432 2844 537 2866 servo
557 2844 618 2866 eas
644 2844 702 2866 res
723 2838 860 2874 narrat,
888 2843 981 2875 quae
1000 2832 1053 2864 illi
1072 2843 1159 2864 sane
1179 2832 1329 2873 ignotae
1350 2843 1429 2864 esse
1447 2843 1520 2864 non
1540 2838 1707 2875 possunt,

164 2903 270 2924 nemo
298 2902 370 2923 non
396 2892 506 2934 videt,
534 2903 606 2934 qua
633 2892 675 2924 de
701 2903 739 2924 re
767 2892 810 2923 cf.
838 2892 923 2932 Leo,
953 2892 1104 2931 Quaest.
1132 2891 1252 2923 Plaut.
1278 2902 1312 2934 p.
1342 2892 1419 2923 178.
