2030 3266
264 825 758 898 Hautontimoruuienos
784 854 1039 896 Terentiana
1067 864 1117 893 ex
1142 853 1202 893 eis
1226 857 1291 893 est
1315 852 1470 893 fabulis
1493 852 1691 903 antiquis,

148 929 199 970 de
232 940 407 979 quarum
440 926 742 978 compositione
774 925 853 966 viri
887 924 1009 974 docti,
1044 935 1295 974 quamquam
1324 923 1574 974 saepissime
1595 923 1693 964 huic

148 999 228 1050 ipsi
270 998 511 1040 comoediae
554 1010 723 1048 operam
766 996 986 1046 dederunt,
1031 996 1212 1035 maxime
1246 999 1288 1035 et
1321 993 1618 1035 dissenserunt
1650 999 1693 1034 et

151 1082 262 1111 nunc
285 1070 412 1111 etiam
437 1068 705 1110 dissentiunt.
750 1067 833 1108 Alii
858 1066 969 1108 enim
992 1069 1247 1107 censuerunt
1270 1076 1362 1106 eam
1385 1077 1438 1106 ex
1459 1064 1693 1115 exemplari

149 1138 313 1182 Graeco
346 1153 460 1182 mere
495 1152 589 1181 esse
620 1139 920 1189 translatam¹)‚
954 1136 1023 1177 alii
1058 1149 1082 1176 a
1114 1135 1313 1177 Terentio
1347 1147 1438 1176 eam
1473 1147 1568 1176 esse
1601 1147 1695 1176 con-

149 1211 279 1252 cisam
312 1211 584 1263 graviterque
617 1213 821 1250 mutatam
833 1208 878 1262 ²),
912 1207 983 1249 alii
1016 1206 1344 1248 contaminatam
1356 1205 1401 1259 ²³),
1436 1205 1508 1247 alii
1530 1206 1581 1246 ab
1604 1206 1694 1256 ipso

150 1281 348 1323 Terentio
382 1281 602 1322 adauctam
636 1284 762 1330 atque
794 1276 1089 1330 suppletam4).
1136 1276 1283 1328 Neque
1314 1288 1416 1318 vero
1439 1276 1695 1317 alteralteri

150 1353 408 1403 persuadere
441 1351 576 1402 potuit
607 1363 725 1391 suam
759 1349 1015 1391 sententiam
1039 1360 1133 1390 esse
1156 1348 1460 1399 accipiendam,
1497 1359 1621 1397 quam
1643 1348 1694 1387 ob

150 1434 236 1463 rem
270 1424 421 1463 mirum
444 1434 526 1463 non
548 1420 731 1472 Videtur,
765 1420 871 1471 quod
894 1421 937 1461 in
964 1420 1025 1461 eis
1049 1430 1212 1470 quoque
1231 1419 1357 1459 iibris
1383 1418 1434 1459 de
1456 1418 1695 1458 litterarum

150 1493 327 1534 historia
353 1492 615 1543 conscriptis,
651 1492 719 1542 qui
754 1491 937 1531 omnium
970 1495 1069 1532 sunt
1093 1490 1137 1530 in
1161 1489 1369 1540 manibus,
1403 1488 1558 1529 iudicia
1583 1488 1696 1529 inter

150 1576 195 1604 se
240 1575 412 1614 prorsus
458 1563 743 1615 repugnantia
783 1562 1068 1603 inveniuntur.
1130 1560 1259 1602 Velut
1306 1559 1523 1611 Bergkius
1566 1558 1693 1611 (Hist.

150 1633 228 1674 litt.
263 1633 497 1675 G1=aeo.IV
530 1631 677 1688 [1887]
713 1646 748 1684 p.
784 1631 883 1685 195)
916 1633 1022 1674 haec
1054 1632 1241 1683 scripsit:
1281 1631 1367 1679 „Im
1402 1629 1695 1680 Selbstqualer

150 1705 239 1745 halt
292 1704 366 1745 (las
415 1705 703 1746 kiinstlerisch
748 1704 1089 1755 verschlungene
1132 1702 1249 1754 Spiel
1295 1702 1370 1742 der
1415 1701 1578 1752 Intrige
1621 1699 1696 1740 der

151 1774 291 1816 {einen
341 1775 859 1826 ‹ifharakterschihlei-ung
910 1774 984 1815 das
1028 1773 1409 1826 Gleichgewicht⁶‘‚
1462 1770 1694 1812 Teuffelius

152 1845 274 1886 =Hist.
307 1846 389 1886 litt.
421 1845 537 1886 Rom.
571 1844 617 1885 Ι5
652 1842 799 1899 [1890]
835 1858 872 1896 p.
908 1844 1008 1897 1833)
1048 1845 1157 1885 hanc
1188 1844 1374 1884 fabulam
1411 1841 1611 1893 appellat,
1649 1848 1695 1881 ut

152 1916 285 1967 ipsius
317 1917 459 1957 verbis
493 1920 671 1967 utamur,
710 1915 816 1963 τ,111111
839 1915 1164 1967 Intrigenstiick
1186 1915 1262 1955 mit
1291 1918 1423 1955 etwas
1447 1914 1695 1954 abenteuer-

151 1987 284 2028 licher
307 1987 550 2039 Hanfflung,
576 1999 769 2038 magerer
793 1986 1137 2027 Charakteristik
1158 1985 1243 2026 und
1267 1986 1511 2026 trockenem
1536 1983 1693 2033 Tone“,

152 2056 412 2098 Ribbeckius
447 2056 573 2109 (Hist.
606 2069 719 2108 poes.
753 2057 870 2098 Rom.
902 2057 947 2097 12
980 2054 1125 2111 [1894]
1167 2069 1202 2107 p.
1238 2055 1337 2106 137)
1380 2055 1434 2095 ita
1471 2053 1694 2094 iudicavit:

157 2127 263 2178 „Um
308 2139 353 2168 so
396 2127 663 2169 kunstvoller
708 2127 791 2168 und
824 2127 1160 2179 scharfsinniger
1191 2127 1295 2168 (scil.
1330 2138 1451 2176 quam
1487 2123 1695 2175 Hecyrae)

273 2293 297 2333 ¹)
323 2292 477 2334 Kampe,
503 2292 570 2324 Die
597 2292 805 2334 Lustspiele
833 2291 895 2323 des
923 2291 1003 2323 Ter.
1030 2302 1065 2324 u,
1091 2291 1169 2322 ihre
1188 2290 1325 2331 griech.
1347 2287 1548 2327 Originale,
1566 2286 1695 2327 Progr.

154 2351 393 2383 Halberstadt
413 2352 513 2393 1884,
532 2361 591 2393 pp.
617 2352 765 2383 15-19,
808 2350 988 2391 Legrand,
1013 2350 1067 2382 La
1087 2350 1170 2382 date
1195 2354 1231 2381 et
1256 2349 1292 2380 ia
1310 2357 1469 2388 compos
1489 2346 1531 2377 de
1556 2345 1696 2377 l'Haut.

156 2409 198 2441 «Ie
223 2409 320 2441 Men.
346 2410 385 2441 in
409 2411 499 2443 Rev.
521 2410 577 2442 Et.
598 2409 658 2442 Gr.
680 2409 765 2442 XVI
792 2410 912 2452 (1903)
937 2419 996 2451 pp.
1015 2409 1212 2440 349—358.
1266 2407 1375 2447 Siess,
1402 2398 1502 2437 Uber
1528 2403 1584 2435 die
1605 2403 1697 2434 Cha·

154 2468 486 2510 rakterzeichnung
511 2469 549 2501 isi
574 2469 644 2500 den
669 2467 775 2501 Korn.
803 2468 834 2499 (1.
861 2468 941 2501 Ter.
968 2467 1005 2499 in
1039 2467 1143 2499 Stud.
1193 2466 1351 2498 vindob.
1382 2463 1553 2495 XXVIII
1577 2461 1697 2503 (1906)

153 2538 211 2569 pp.
237 2528 433 2559 241—262.

274 2587 298 2627 2)
323 2586 490 2627 Nenc'mi,
516 2587 571 2619 De
590 2587 762 2619 Terentio
788 2586 940 2628 eiusque
965 2585 1142 2626 fontibus,
1169 2583 1326 2616 Liburni
1354 2582 1442 2613 1891
1469 2592 1528 2623 pp.
1547 2580 1697 2612 64—76.

271 2644 300 2687 3)
326 2646 489 2687 Roetter,
522 2646 578 2677 De
610 2646 723 2678 Haut.
750 2645 979 2686 Terentiana,
1012 2645 1142 2685 Progr.
1170 2642 1359 2684 Bayreuth
1397 2639 1536 2682 1891s2.
1586 2639 1697 2670 Herr-

155 2704 373 2745 manowski,
413 2704 564 2743 Quaest.
603 2704 683 2736 Ter.
723 2705 890 2745 selectae,
927 2703 1024 2735 Diss.
1062 2703 1147 2735 Hal.
1186 2702 1271 2734 Sax.
1312 2700 1412 2740 1892,
1450 2709 1510 2741 pp.
1547 2698 1697 2729 22—29.

157 2763 328 2804 Skutsch,
354 2763 429 2795 Der
454 2764 591 2805 Prolog
616 2774 699 2795 zum
725 2761 835 2796 Haut.
863 2762 895 2795 d.
923 2763 1004 2795 Ter.
1030 2762 1067 2793 in
1092 2761 1224 2794 Phssol.
1251 2759 1338 2791 LIX
1365 2758 1484 2799 (1900)
1509 2768 1568 2799 pp.
1597 2756 1697 2788 1-8.

270 2819 298 2864 4)
323 2821 540 2863 Venediger,
582 2822 673 2853 Zum
700 2822 811 2853 Haut.
846 2821 877 2853 d.
904 2821 987 2853 Ter.
1021 2821 1059 2852 in
1091 2819 1224 2851 Annal.
1259 2817 1435 2850 Fleckeis.
1467 2816 1539 2848 XX
1574 2816 1697 2857 (1874)

154 2891 212 2923 pp.
241 2881 435 2913 129-136.
