2030 3266
938 283 1228 323 —36-..

312 402 611 453 accedendum,
659 413 739 453 quo
779 401 831 443 de
874 414 1001 444 versu
1042 402 1257 453 variisque
1300 402 1391 444 eius
1434 402 1857 453 interpretationibus

311 473 555 526 nuperrime
597 472 686 525 egit
719 471 977 525 Meyerus1).
1039 472 1120 525 Qui
1163 485 1414 524 quamquam
1456 473 1587 515 verba
1632 484 1764 523 „quae
1806 484 1859 514 ex

311 547 562 597 argumento
584 542 697 584 facta
715 547 781 585 est
804 542 1010 594 simplici*
1038 546 1155 585 recte
1178 543 1237 584 ita
1258 543 1583 595 interpretatur‚
1607 546 1653 583 ut
1675 554 1724 584 ea
1747 542 1860 584 dicat

312 614 554 667 significare
610 613 749 665 „facta
794 616 860 655 est
906 625 959 655 ex
1000 612 1125 665 una2)
1169 613 1313 655 fabula
1354 612 1544 656 Graeca“
1590 626 1614 655 a
1657 612 1859 655 Terentio

310 687 520 737 nimirum,
563 684 634 735 qui
685 695 801 725 more
845 683 917 724 illo
949 683 1233 725 Romanorum
1276 684 1380 726 satis
1422 688 1521 726 noto
1554 696 1637 725 non
1669 684 1705 725 is
1738 683 1859 726 modo

309 756 491 808 videtur,
527 754 597 806 qui
629 754 796 796 fabulas
828 753 1049 805 transfert,
1084 753 1159 796 sed
1190 753 1284 806 ipse
1317 766 1480 806 quoque
1501 759 1639 807 poeta,
1664 755 1733 806 qui
1755 754 1860 796 facit

309 826 467 880 (ποιεῖ)
513 825 701 878 tabulas,
755 829 899 866 tamen
947 824 1046 876 quid
1096 824 1242 866 fabula
1289 825 1344 866 sit
1396 825 1553 876 duplex
1598 825 1682 866 ullo
1738 824 1858 867 modo

310 896 505 949 intellegi
536 907 661 948 posse
693 900 836 948 negat,
881 907 1004 946 quam
1038 896 1088 936 ob
1121 907 1211 937 rem
1243 895 1471 948 Lessingio
1502 896 1528 937 l.
1551 908 1581 937 s.
1605 896 1860 947 astipulatur

307 968 512 1011 scribenti
549 964 1059 1020 „Simplex—simpliori-

428 1038 511 1080 Sed
565 1037 633 1088 qui
679 1036 794 1078 nullo
842 1035 995 1078 iudicio
1040 1041 1374 1088 praeoccupatus
1421 1037 1553 1078 verba
1600 1037 1858 1079 Terentiana

312 1109 495 1162 „duplex
538 1107 707 1149 fabula“
755 1107 931 1160 legerit,
980 1119 1064 1148 non
1111 1107 1237 1149 aliter
1280 1110 1422 1149 vertet
1469 1111 1596 1158 atque
1649 1107 1859 1159 „Doppel-

309 1181 476 1223 stiick“.
539 1179 661 1220 Hanc
700 1182 842 1219 autem
879 1177 1067 1219 fabulam
1105 1190 1129 1219 a
1161 1177 1362 1219 Terentio
1395 1177 1605 1229 duplicem
1645 1178 1734 1220 iure
1769 1190 1859 1229 pro-

311 1257 461 1304 pterea
503 1248 723 1302 appellari,
769 1248 878 1300 quod
916 1248 1091 1290 duorum
1141 1248 1478 1290 adulescentium
1529 1248 1700 1301 negotia
1751 1260 1859 1290 com-

308 1323 534 1375 plectatur,
574 1326 617 1362 et
649 1319 917 1372 grammatici
948 1316 1155 1373 antiquiss)
1188 1323 1305 1361 recte
1337 1319 1642 1362 intellexerunt
1674 1323 1716 1361 et
1747 1319 1860 1360 infra
1893 1356 1897 1359 ,

307 1390 665 1446 cognoscemus4).
726 1389 880 1442 Itaque
921 1402 1094 1441 prorsus
1138 1402 1232 1431 cum
1271 1389 1416 1431 Leone
1448 1390 1473 1431 1.
1512 1402 1563 1431 m.
1593 1401 1625 1430 s.
1667 1389 1858 1442 facimus,

307 1465 391 1517 qui,
436 1476 529 1506 cum
567 1463 679 1504 hunc
710 1473 881 1503 versum
914 1465 956 1503 et
988 1460 1344 1502 annominationis
1388 1460 1525 1513 figura
1566 1464 1609 1503 et
1648 1460 1860 1503 collocati-

308 1548 387 1578 one
420 1531 683 1584 verborum⁵>
707 1533 919 1585 insignem
943 1532 1130 1584 explicat
1152 1531 1335 1585 „duplex
1357 1530 1461 1581 (scil.
1485 1536 1552 1574 est
1568 1530 1728 1585 fabula)
1752 1544 1858 1582 quae

309 1620 362 1650 ex
384 1610 634 1658 argumento
652 1604 766 1646 facta
784 1615 866 1645 uno
887 1607 953 1645 est
970 1601 1192 1656 tamen⁶)“‚
1209 1602 1457 1644 Terentium
1473 1602 1582 1643 hanc
1600 1602 1859 1645 comoediam

308 1690 390 1719 non
406 1688 501 1719 esse
513 1675 843 1717 contaminatam
858 1673 1074 1726 expressis
1087 1673 1231 1715 verbis
1244 1671 1434 1724 proferre
1450 1672 1554 1715 dicit
1565 1672 1635 1715 vel
1649 1672 1859 1724 duplicem

303 1750 415 1791 hanc
446 1747 635 1788 fabulam
668 1750 801 1787 totam
831 1757 883 1787 ex
919 1757 1002 1786 una
1038 1744 1182 1786 fabula
1215 1742 1381 1785 Graeca
1414 1755 1510 1786 esse
1545 1743 1796 1785 translatam
1814 1741 1858 1797 7).

306 1888 581 1929 Griechischen⁷
616 1887 752 1919 welche
786 1886 882 1918 nach
914 1885 1032 1918 einem
1067 1885 1266 1928 doppelten
1302 1884 1406 1927 Sujet
1438 1894 1484 1915 zu
1522 1882 1623 1916 einer
1657 1883 1856 1926 doppelten

302 1949 482 1991 gestaltet
508 1946 568 1988 ist,
596 1945 671 1978 will
704 1945 764 1978 ich
790 1945 900 1977 heute
927 1944 1139 1985 vorffihren,
1167 1943 1238 1976 den
1265 1942 1721 1984 Hautontimorumenos“‚
1749 1952 1859 1984 quam

305 2007 455 2050 quidem
480 2004 826 2048 interpretationem
851 2003 1021 2047 pluribus
1046 2002 1184 2035 reicere
1210 2013 1284 2035 non
1312 2001 1385 2035 iam
1413 2007 1469 2035 est
1496 2011 1599 2043 opus.

446 2066 474 2108 ¹)
502 2065 653 2105 Quaest.
681 2064 841 2105 Terent.,
868 2062 966 2096 Diss.
993 2062 1092 2101 Lips,
1122 2062 1222 2103 1902,
1250 2072 1310 2104 pp.
1338 2061 1488 2094 56—61.

447 2124 473 2166 2)
504 2124 707 2166 „Simplex“
751 2123 974 2155 vocabulum
1012 2120 1326 2154 annominationis
1364 2120 1505 2160 figurae
1544 2118 1665 2161 gratia
1701 2118 1754 2151 ita
1791 2129 1858 2161 pro

309 2185 449 2227 „unus“
481 2193 560 2215 esse
594 2182 732 2214 dictum
758 2186 800 2213 ut
833 2181 871 2213 in
898 2191 1008 2213 versu
1034 2185 1166 2223 quarto
1195 2180 1355 2212 alterum
1383 2179 1569 2222 „integeff‘
1598 2188 1664 2221 pro
1694 2178 1855 2220 ‚,n0vus“

305 2244 380 2276 Leo
408 2243 635 2275 demonstrat
662 2242 685 2273 l.
712 2252 758 2274 m.
786 2251 814 2273 S.

448 2302 476 2344 3)
503 2301 548 2334 cf.
574 2311 608 2343 p.
635 2300 678 2332 49
706 2310 764 2332 an.
794 2301 809 2331 1
837 2298 948 2331 huius
976 2309 1104 2330 comm.

447 2359 475 2404 4)
503 2361 548 2392 cf.
574 2370 634 2402 pp.
661 2359 706 2390 48
734 2369 812 2400 sqq.
840 2357 951 2389 huius
979 2368 1109 2389 comm.

449 2421 477 2462 ⁵)
504 2419 695 2451 Vocabula
728 2417 864 2459 duplex
897 2422 933 2448 et
967 2416 1121 2458 simplex
1147 2413 1365 2456 gravissime
1392 2423 1472 2446 esse
1498 2413 1596 2446 inter
1623 2423 1660 2444 se
1687 2411 1858 2454 opposita

308 2478 508 2512 Gaffiotius
536 2478 603 2521 (Le
628 2477 809 2520 prologue
837 2476 880 2508 de
906 2476 928 2507 Γ
956 2475 1069 2507 Haut.
1097 2481 1133 2506 et
1159 2475 1196 2505 la
1221 2472 1393 2515 question
1419 2472 1462 2504 de
1490 2473 1524 2504 la
1551 2476 1660 2512 cont.‚
1696 2471 1788 2505 Rev.
1814 2471 1858 2502 de

307 2539 433 2582 philol.
461 2537 632 2570 XXVIII
663 2536 788 2578 (1904)
814 2546 848 2578 p.
877 2535 943 2566 128
971 2536 1037 2576 sq.)
1064 2532 1172 2565 nimis
1199 2531 1374 2574 neglegit,
1401 2542 1485 2563 cum
1511 2541 1555 2563 ex
1580 2530 1649 2562 hoc
1675 2540 1785 2562 versu
1806 2529 1858 2561 nil

307 2603 373 2631 aut
404 2608 470 2640 pro
505 2597 654 2629 fabulae
688 2593 1001 2627 contaminatione
1035 2598 1099 2625 aut
1135 2596 1265 2624 contra
1303 2589 1653 2623 contaminationem
1687 2587 1858 2620 concludi

307 2667 415 2700 posse
442 2660 578 2688 censet.

449 2713 474 2758 6)
500 2714 628 2756 Neque
653 2714 846 2754 habemus,
875 2711 974 2753 quod
999 2710 1090 2743 illud
1117 2715 1240 2742 tamen
1265 2712 1346 2740 tota
1380 2707 1578 2740 verborum
1613 2704 1857 2738 collocatione

307 2776 504 2818 probatum
531 2784 613 2806 cum
641 2771 838 2805 Skutschio
867 2772 889 2803 1.
917 2781 944 2802 s.
971 2781 1005 2812 p.
1032 2771 1052 2801 5
1079 2767 1401 2812 reprehendamus.

449 2832 476 2875 ⁷)
503 2832 665 2865 Eandem
692 2830 912 2864 sententiam
939 2834 976 2862 et
1000 2827 1231 2871 Legrandius
1258 2828 1280 2860 l.
1308 2837 1335 2859 s.
1362 2836 1395 2868 p.
1422 2825 1491 2857 350
1518 2832 1553 2857 et
1581 2823 1740 2856 Siessius
1776 2823 1799 2855 1.
1827 2833 1857 2854 S.

307 2904 341 2935 p.
369 2892 436 2924 ‘243
464 2892 690 2934 comprobat.
