2030 3266
809 312 860 314 ,1
928 289 978 327 15
1042 310 1096 314 —

175 406 257 448 Sed
283 406 427 459 Syrus,
463 407 533 458 qui
564 417 674 447 nunc
706 405 833 446 etiam
866 404 1001 455 timet,
1035 417 1088 446 ne
1122 404 1343 455 quisquam
1376 408 1507 445 totam
1530 404 1720 445 fraudem

175 481 417 530 cognoscat,
457 476 601 518 statim
634 478 771 527 urget,
812 479 857 515 ut
889 475 1000 515 intro
1033 478 1146 526 eant,
1187 486 1279 515 cum
1313 487 1443 516 senex
1477 474 1545 515 diu
1579 486 1722 515 omnes

175 552 396 600 exspectet
408 548 450 600 1).

814 661 962 705 Actus
994 662 1085 704 111.

295 759 359 803 Sc.
392 759 411 800 Ι
444 756 724 811 (ano—511).
786 757 900 798 Cena
944 761 1009 798 est
1047 756 1174 809 facta,
1218 769 1354 807 neque
1387 769 1488 798 vero
1522 757 1722 798 Chremes

176 830 271 883 Syri
306 830 444 871 dolum
478 828 804 870 audacissimum
837 827 1064 879 perspexit.
1118 827 1243 869 Mane
1277 828 1386 869 enim
1412 828 1600 879 proximo
1623 828 1722 879 exit,

177 908 222 943 ut
247 901 429 942 vicinum
461 899 513 941 de
546 899 632 940 filio
662 911 836 941 reverso
869 899 1091 940 certiorem
1124 897 1266 950 faciat,
1298 902 1385 939 tum
1420 910 1513 939 eum
1544 904 1723 949 moneat,

178 985 230 1013 ne
272 971 347 1012 filii
388 970 637 1011 libidinibus
676 970 801 1011 nimis
834 970 1103 1021 obsequatur,
1166 968 1276 1022 Quin
1309 981 1401 1010 cum
1436 969 1723 1021 Menedemus,

176 1043 246 1094 qui
280 1041 401 1083 modo
432 1042 475 1082 in
509 1054 671 1093 agrum,
704 1043 750 1081 ut
783 1040 871 1081 sole
903 1040 1067 1082 oriente
1100 1040 1219 1091 solet,
1254 1044 1320 1081 est
1348 1040 1553 1092 abiturus,
1587 1040 1725 1080 omnia

179 1113 267 1165 pati
311 1125 356 1154 se
404 1112 515 1154 velle
557 1111 724 1164 dicat‘2),
770 1110 991 1152 dummodo
1033 1110 1164 1152 filium
1206 1111 1343 1161 ipsum
1386 1122 1529 1152 secum
1570 1111 1726 1151 habeat

175 1183 279 1236 <464
312 1184 429 1235 sqq),
464 1183 515 1224 ad
549 1188 636 1224 tam
668 1181 904 1223 inauditum
938 1181 1028 1223 eius
1062 1181 1291 1223 adiuvandi
1315 1181 1499 1222 studium
1520 1180 1723 1232 procedit,

181 1262 226 1295 ut
277 1266 409 1296 senex
460 1254 552 1305 ipse
600 1236 690 1294 seni
734 1252 923 1304 suadeat,
976 1264 1029 1293 ne
1073 1264 1119 1294 se
1164 1252 1216 1293 ad
1258 1252 1489 1303 quamlibet
1531 1263 1725 1304 magnam

180 1325 400 1377 pecuniam
435 1324 617 1366 dandam
649 1327 844 1376 paratum
877 1335 972 1365 esse
993 1323 1122 1364 filium
1147 1323 1402 1365 sentientem
1426 1322 1567 1374 faciat,
1601 1322 1725 1363 immo

299 1478 323 1519 ¹)
350 1478 453 1509 Haec
480 1476 562 1517 Syri
588 1476 701 1508 verba
726 1480 762 1508 et
788 1475 1006 1508 Roetterum
1043 1477 1064 1507 l.
1099 1486 1126 1508 s.
1159 1486 1193 1517 p.
1228 1475 1271 1506 10
1303 1478 1339 1506 et
1365 1474 1726 1506 Herrmanowskiuni

180 1538 202 1569 1.
230 1548 257 1570 S.
284 1547 318 1579 p.
346 1537 390 1568 22
418 1535 621 1576 offendunt,
648 1545 731 1566 cum
757 1535 850 1576 Syro
878 1545 898 1566 a
925 1545 1010 1566 sene
1037 1533 1209 1566 mulieres
1245 1533 1448 1576 exspectari
1481 1533 1575 1565 serio
1609 1533 1727 1565 dicere

179 1607 253 1628 non
271 1595 393 1636 liceat,
417 1605 489 1637 qua
516 1605 560 1626 ex
585 1605 623 1626 re
651 1593 896 1626 certissimum
923 1591 1249 1625 contaminationis
1276 1592 1530 1624 testimonium
1550 1603 1726 1634 apparere

179 1659 342 1688 censent,
398 1653 578 1686 Dziatzko
616 1652 695 1695 ipse
733 1652 770 1684 in
805 1652 973 1685 Roetteri
1010 1651 1295 1695 programmatis
1335 1662 1490 1683 censura
1528 1651 1727 1692 (Deutsche

181 1711 525 1753 Literaturzeitung
550 1711 650 1744 XIII
682 1711 805 1753 (1892)
844 1722 877 1754 p.
912 1712 1014 1753 1460)
1050 1710 1087 1742 in
1119 1711 1246 1742 fabula
1272 1710 1497 1742 Menandrea
1529 1708 1727 1752 Clitiphoni

180 1773 278 1805 intro
304 1771 416 1804 misso
434 1771 530 1813 (380)
550 1782 571 1803 a
598 1771 690 1811 Syro
717 1770 931 1802 mandatum
958 1780 1038 1802 esse
1064 1773 1182 1811 putat,
1209 1773 1250 1801 ut
1275 1773 1416 1811 patrem
1443 1769 1486 1800 de
1512 1767 1728 1800 mulieribus

182 1830 463 1864 advenientibus
489 1829 684 1861 certiorem
710 1829 858 1861 faceret.
899 1829 968 1860 Sed
988 1829 1104 1868 Syrus
1132 1828 1229 1870 quod
1256 1828 1300 1860 ab
1321 1827 1411 1870 ipsis
1429 1827 1728 1859 adulescentibus

182 1889 412 1932 Antiphilam
452 1887 669 1921 arcessitum
708 1887 888 1929 mittitur,
930 1888 1002 1919 hoc
1033 1891 1137 1928 patre
1170 1886 1287 1918 invito
1320 1897 1393 1918 non
1426 1885 1505 1918 fieri
1543 1886 1622 1918 iure
1658 1885 1726 1918 sibi

181 1948 367 1992 persuasit
401 1948 460 1990 (cf.
492 1959 525 1990 p.
555 1947 573 1978 'i'
601 1957 658 1980 an.
685 1947 731 1989 2).
780 1947 865 1979 Jani
891 1945 1113 1978 Bacchidem
1138 1956 1205 1987 pro
1232 1944 1426 1987 Antiphila
1452 1945 1497 1977 ad
1524 1955 1650 1976 cenam
1675 1950 1730 1977 est

180 2009 374 2048 ducturus,
401 2006 634 2049 Antiphilam
659 2006 778 2048 ipsam
796 2005 904 2037 matri
924 2004 1082 2037 familias
1102 2004 1318 2045 traditurus,
1346 2004 1471 2046 itaque
1490 2003 1628 2046 optimo
1649 2003 1727 2035 iure

181 2068 273 2099 haec
298 2066 379 2108 ipsa
403 2065 493 2098 facit
518 2066 641 2107 verba,
669 2069 711 2097 ut
736 2065 867 2097 timore
886 2065 1070 2097 occultato
1089 2063 1197 2095 nimis
1217 2063 1278 2095 diu
1297 2067 1462 2096 astantes
1482 2073 1574 2106 quos
1593 2069 1728 2102 censet,

183 2125 280 2157 intro
307 2124 442 2156 mittat.
491 2124 705 2165 (Praeterea
730 2123 775 2155 cf.
803 2124 932 2156 Schlee
958 2124 980 2154 l.
1009 2133 1036 2154 s.
1063 2133 1097 2164 p.
1118 2122 1212 2165 136).
1263 2122 1384 2162 Quid?
1413 2122 1511 2164 quod
1529 2123 1728 2155 Roetterus

184 2185 318 2225 Syrum
351 2183 446 2215 sitne
479 2193 590 2214 senex
620 2182 721 2214 intus
754 2193 799 2215 ne
832 2182 924 2214 scire
957 2181 1104 2224 quidem
1131 2181 1356 2213 arbitratur?
1397 2181 1455 2212 An
1491 2192 1632 2222 servus,
1667 2182 1727 2224 qui

183 2243 261 2285 ipse
287 2252 545 2285 vesperascere
583 2241 680 2285 (248)
720 2240 818 2282 dicit,
862 2251 986 2273 senem
1025 2251 1114 2273 cena
1152 2240 1286 2272 festiva
1324 2239 1475 2272 ineunte
1515 2240 1611 2272 domi
1650 2251 1728 2272 esse

184 2301 358 2343 ignorat?

302 2361 327 2403 ⁴2)
354 2361 413 2393 Ad
444 2371 592 2393 versum
624 2360 692 2392 440
722 2360 947 2400 „Vehemens
973 2359 1009 2390 in
1038 2362 1233 2399 utramque
1258 2362 1400 2400 partem
1427 2368 1464 2389 es
1492 2357 1633 2399 nimis&
1660 2358 1729 2389 hoc

183 2420 320 2452 codicis
347 2419 517 2452 Bembini
542 2418 709 2452 scholion
735 2423 871 2452 exstat:
901 2419 978 2455 Πᾶς
1004 2416 1122 2463 πατὴρ
1148 2415 1267 2463 Auolpo'g
1293 2416 1375 2458 (144
1401 2417 1466 2459 K),
1495 2417 1593 2459 quod
1610 2416 1727 2458 ipsum

183 2489 332 2522 quoque
364 2482 401 2510 et
432 2477 683 2520 Venedigerus
717 2481 753 2510 et
778 2477 980 2510 Nencinius
1007 2487 1090 2508 cum
1116 2476 1225 2508 Ihnio
1259 2476 1281 2507 l.
1309 2486 1336 2508 s.
1366 2476 1459 2507 thes.
1489 2476 1530 2506 18
1557 2476 1601 2507 ab
1628 2475 1728 2507 Hau-

186 2537 498 2570 tontimorumeno
525 2536 722 2569 abiudicat.
765 2536 837 2569 Sed
857 2547 900 2568 ex
924 2537 994 2568 hoc
1018 2536 1100 2578 ipso
1118 2535 1325 2576 fragmento
1345 2534 1464 2566 denuo
1483 2534 1729 2575 cognoscitur,

185 2597 370 2639 quomodo
390 2595 586 2628 Terentius
613 2606 761 2627 sensum
788 2596 996 2636 generalem
1021 2595 1066 2627 ad
1083 2595 1281 2626 verborum
1301 2604 1435 2625 nexum
1455 2593 1730 2625 accommodare

187 2655 380 2697 studuerit,
408 2666 490 2687 cum
509 2654 740 2686 Chremetem
765 2665 832 2697 pro
853 2654 1037 2686 communi
1055 2657 1202 2696 patrum
1222 2652 1381 2684 stultitia
1399 2652 1459 2693 (cf.
1479 2651 1577 2683 Siess
1595 2663 1628 2694 p.
1648 2653 1729 2694 251)

186 2714 400 2746 Menedemo
426 2713 715 2746 inconstantiam
740 2713 763 2746 i.
790 2724 819 2745 e.
847 2713 953 2755 quasi
984 2712 1205 2755 particulam
1240 2710 1421 2743 stultitiae
1456 2710 1501 2742 ad
1526 2710 1730 2743 Menedemi

188 2772 382 2805 Bacchidis
404 2778 573 2816 sumptus
594 2771 800 2804 sustinendi
819 2772 1013 2804 consilium
1032 2771 1244 2812 adaptatam
1265 2768 1408 2801 crimini
1423 2769 1569 2802 dantem
1592 2769 1729 2802 fecerit.

188 2830 304 2863 Simul
338 2834 462 2863 autem
501 2831 629 2874 paucis
670 2831 727 2863 his
768 2830 889 2863 verbis
929 2828 1164 2862 Menandreis
1207 2838 1342 2860 novum
1385 2827 1548 2870 satisque
1591 2832 1730 2860 certum

188 2890 271 2931 Syri
298 2891 490 2922 turbarum
517 2889 769 2922 testimonium
794 2889 901 2922 inest.
