2030 3266
809 252 1095 292 -47—

300 369 406 422 Quin
451 368 581 422 Syrus
620 370 726 421 ipse,
772 370 964 421 quamvis
1002 372 1180 413 callidus
1213 372 1282 424 sit,
1325 368 1529 428 perficere
1562 370 1722 421 nequit,

180 443 227 480 ut
278 439 488 481 fallaciam
538 452 655 481 suam
704 440 755 480 ad
808 440 934 482 finem
983 442 1197 491 perducat.
1259 441 1447 483 Primum
1493 440 1603 481 enim
1646 451 1724 491 per

180 510 448 552 Chremetem
476 510 628 562 ipsum,
662 522 784 561 quem
813 515 991 562 argento
1015 516 1284 554 emuncturus
1319 517 1396 562 est,
1429 522 1482 552 ne
1505 523 1597 553 eam
1629 523 1722 562 pro-

178 581 302 634 ferat,
334 575 576 632 impeditur,
609 580 789 622 alterum
822 581 1055 634 consilium,
1089 595 1168 634 quo
1200 583 1283 624 iam
1318 581 1567 625 Menedemo
1597 593 1720 632 pecu-

179 652 291 692 niam
323 651 439 692 illam
473 656 697 702 erepturus
730 655 808 704 est,
852 653 904 693 ab
944 652 1092 695 eodem
1125 665 1227 695 sene
1260 653 1445 704 reicitur,
1484 657 1572 693 tum
1605 651 1721 704 agni·

177 722 291 763 tione
324 734 468 763 omnes
500 721 689 763 fabricae
723 726 986 764 evertuntur.

294 793 356 833 Ac
402 804 456 833 ne
509 791 694 844 Clitipho
747 793 916 844 quidem
969 794 1011 835 in
1065 794 1324 836 solemnibus
1376 792 1721 835 adulescentibus

177 863 346 904 comicis
370 862 587 905 ducendus
611 869 688 904 est.
742 862 855 905 Satis
879 864 991 905 enim
1013 865 1169 922 stultus
1202 868 1269 907 est
1289 865 1425 916 homo,
1459 863 1530 915 qui
1552 875 1721 915 semper

175 934 265 976 fere
297 933 479 986 ignorat,
521 934 620 985 quid
653 934 734 976 sibi
767 935 852 976 fiat.
915 935 1082 976 Invitus
1122 936 1234 977 enim
1274 936 1451 977 amicam
1485 934 1617 986 patris
1651 934 1719 975 do-

176 1015 286 1045 mum
327 1004 494 1057 recipit,
538 1005 697 1046 invitus
736 1006 997 1046 ambulatum
1038 1006 1220 1047 mittitur
1258 1006 1367 1048 sicut
1398 1006 1608 1047 Parmeno
1647 1004 1720 1046 ille

175 1074 371 1127 Hecyrae
388 1075 416 1126 ¹)
449 1086 618 1127 servus,
652 1075 751 1127 quin
784 1088 837 1117 ne
870 1083 971 1117 tunc
994 1076 1162 1127 quidem
1191 1077 1284 1127 scit,
1319 1076 1416 1128 quid
1449 1075 1592 1128 faciat,
1625 1087 1718 1117 cum

174 1145 214 1186 id
234 1150 457 1198 argentum
476 1145 646 1187 tandem
665 1146 718 1188 ab
739 1146 833 1197 ipso
856 1151 977 1198 patre
1000 1147 1154 1197 accipit
1170 1147 1182 1197 (
1189 1146 1372 1199 „Eccum
1395 1146 1486 1187 me“
1505 1146 1642 1196 inque.
1661 1168 1719 1173 —

173 1215 205 1268 I,
231 1215 329 1267 quid
353 1220 455 1267 stas,
480 1216 619 1268 lapis?
651 1215 735 1257 829
760 1215 880 1268 sqq),
917 1217 1053 1268 „quod
1081 1221 1128 1258 ut
1161 1216 1363 1264 efficeret,
1387 1216 1543 1258 orando
1566 1216 1717 1258 surdas

171 1286 254 1327 iam
288 1299 412 1329 aures
445 1286 550 1339 Syro
582 1286 828 1328 reddiderat
860 1285 1020 1340 (330)“.

290 1356 449 1410 Quodsi
483 1358 720 1399 accuratius
742 1357 786 1398 iu
808 1358 938 1399 totius
961 1357 1129 1399 fabulae
1163 1362 1419 1399 structuram
1451 1357 1715 1408 inquirimus,

170 1428 237 1470 his
259 1428 364 1480 ipsis
386 1429 514 1469 rebus
537 1441 561 1470 a
584 1428 841 1470 solemnibus
874 1440 1023 1479 porsus
1045 1428 1220 1470 remotis
1250 1432 1415 1479 poetam
1435 1427 1641 1479 imprimis
1673 1426 1716 1468 id

170 1498 338 1549 assequi
377 1498 683 1551 cognoscimus,
723 1498 833 1550 quod
872 1511 967 1540 eum
1008 1511 1138 1552 agere
1177 1498 1376 1541 debuisse
1414 1498 1536 1540 modo
1568 1498 1715 1539 statui-

171 1581 277 1622 mus,
312 1569 399 1611 scil.
433 1581 486 1611 ne
519 1569 664 1611 fabula
696 1574 795 1611 ante
824 1569 1085 1622 agnitionem
1122 1569 1357 1621 langueret.
1406 1568 1570 1611 Scimus
1603 1569 1714 1610 enim

170 1639 318 1693 Syrum
354 1641 446 1682 seni
479 1646 704 1692 argentum
737 1642 904 1693 eripere
935 1654 1016 1683 non
1050 1653 1176 1693 posse
1208 1640 1291 1682 nisi
1312 1640 1535 1692 Antiphila
1565 1640 1716 1693 agnita

168 1723 299 1752 usum.
361 1710 513 1762 Itaque
546 1723 639 1752 cum
677 1711 716 1754 ei
755 1716 853 1754 ante
894 1711 1154 1764 agnitionem
1199 1711 1418 1753 consilium
1461 1710 1630 1763 aliquod
1661 1710 1713 1753 ad

166 1782 276 1822 hanc
317 1793 406 1823 rem
439 1781 706 1823 efficiendam
748 1782 971 1834 pertinens
1015 1781 1183 1823 omnino
1228 1782 1281 1823 ad
1313 1781 1438 1824 finem
1478 1781 1714 1834 perducere

167 1864 248 1893 non
291 1852 430 1900 liceat,
473 1856 598 1904 poeta
639 1857 682 1894 et
714 1852 984 1896 Chremetem
1028 1852 1204 1905 inducit,
1250 1852 1333 1904 qui,
1377 1851 1531 1894 nedum
1577 1852 1713 1904 ipsius

169 1923 305 1964 dolum
347 1935 442 1965 eum
483 1923 674 1974 proferre
707 1923 832 1976 sinat,
870 1923 1084 1965 fallaciam
1123 1923 1307 1974 aliquam
1339 1922 1382 1963 in
1416 1922 1712 1965 Menedemum

166 1992 412 2035 struendam
443 1993 496 2035 ab
529 2005 578 2035 eo
609 1993 796 2045 postulet
827 1992 930 2047 (529
963 1992 1084 2046 sqq),
1117 1996 1160 2036 et
1191 1997 1370 2035 matrem
1401 1992 1586 2035 familias
1618 2005 1712 2035 cum

166 2063 328 2105 nutrice
350 2068 438 2104 tam
459 2064 675 2115 inopinato
708 2064 1002 2115 egredientem
1023 2064 1128 2106 facit
1158 2061 1290 2116 (613),
1324 2070 1369 2105 ut
1392 2076 1515 2115 quam
1538 2064 1711 2106 tandem

164 2134 376 2175 fallaciam
408 2146 558 2177 servus
589 2134 662 2176 ille
693 2135 737 2175 in
760 2134 1028 2177 Chremetem
1059 2134 1283 2177 intendere
1315 2134 1510 2187 voluerit,
1544 2139 1710 2186 specta·

164 2209 278 2247 tores
309 2204 393 2256 ipsi
425 2205 634 2257 ignorent.
678 2204 797 2259 Quod
832 2217 933 2247 vero
963 2205 1095 2258 Syrus
1125 2205 1398 2258 paedagogus
1421 2217 1523 2247 sane
1544 2205 1709 2247 levissi-

166 2287 257 2316 mus
280 2280 408 2327 atque
429 2275 734 2318 audacissimus
765 2288 856 2318 cum
881 2276 974 2318 erili
997 2276 1096 2328 filio,
1130 2288 1255 2328 quem
1287 2275 1339 2317 ad
1362 2275 1567 2317 fabricam
1590 2288 1708 2317 suam

163 2345 453 2397 accipiendem
495 2346 715 2398 impellere
758 2346 922 2399 studet,
975 2359 1029 2389 ne
1079 2346 1359 2388 communicat
1402 2346 1584 2399 quidem,
1628 2357 1709 2397 quo

162 2419 384 2467 praetexto
426 2429 528 2458 usus
573 2416 735 2459 Cliniae
776 2417 954 2459 amicam
997 2417 1121 2459 matri
1167 2416 1351 2459 familias
1392 2416 1563 2458 tradere
1605 2416 1709 2457 velit

183 2498 311 2539 „vera
344 2488 539 2529 causast“
583 2486 699 2540 336),
745 2492 870 2539 poeta
913 2488 1019 2529 scite
1062 2488 1241 2540 perficit,
1284 2494 1330 2529 ut
1367 2487 1439 2529 ille
1477 2487 1587 2528 hanc
1618 2498 1705 2528 rem

162 2557 280 2607 quasi
312 2556 397 2599 doli
434 2557 479 2599 in
510 2557 808 2600 Menedemum
847 2558 1105 2609 suscipiendi
1146 2558 1467 2599 fundamentum
1499 2569 1573 2609 pro
1605 2569 1708 2599 vero

160 2638 335 2668 narrare
374 2628 510 2680 possit
551 2626 654 2681 (598
688 2626 807 2682 sqq).
868 2627 952 2670 Sed
995 2640 1047 2670 ne
1081 2628 1213 2681 Syrus
1255 2628 1297 2669 id
1340 2628 1449 2679 quod
1488 2627 1630 2669 facere
1662 2627 1705 2668 in

161 2697 299 2738 animo
330 2697 475 2753 habet,
507 2698 587 2741 hac
618 2699 838 2740 arrabonis
869 2699 1113 2741 narratione
1145 2698 1198 2740 ad
1228 2698 1526 2740 Menedemum
1556 2695 1706 2739 fallen-

280 2849 303 2891 1)
331 2849 374 2882 cf.
402 2849 488 2890 Leo,
517 2850 668 2889 Quaest.
696 2849 817 2884 Plaut.
844 2860 877 2892 p.
907 2850 974 2882 126
1001 2860 1058 2884 an.
1084 2851 1116 2883 4.
