2030 3266
949 257 1235 298 *12—

316 376 513 428 Clitipho,
547 377 582 418 si
616 377 693 417 tibi
726 388 909 428 narrem,
943 387 1066 426 quam
1100 375 1150 415 ob
1184 386 1274 415 rem
1303 372 1344 413 id
1367 372 1537 415 faciam:
1570 384 1671 414 vera
1694 380 1861 414 causast

315 445 458 499 (335)⁴‘
476 446 516 496 1).
568 446 677 499 Quin
710 447 751 488 vi
786 445 963 497 quadam
998 457 1115 485 suam
1149 443 1411 485 voluntatem
1444 443 1564 493 sequi
1597 454 1691 483 eum
1712 454 1862 494 cogere

314 530 397 558 non
439 525 625 569 veretur,
673 529 766 558 cum
810 528 856 557 se
888 514 1145 556 Bacchidem
1183 514 1227 554 in
1270 515 1417 556 urbem
1462 524 1557 555 esse
1589 513 1862 553 remissurum

314 589 484 629 simulat
517 587 618 631 (338
643 586 800 639 sqq.'>³).
854 585 938 627 Sed
961 584 1145 635 Clitipho
1174 597 1425 635 quamquam
1448 583 1681 635 cupiditate
1704 583 1863 623 amicae

432 704 461 747 1)
489 704 633 743 Quibus
659 703 770 734 rebus
797 700 980 743 expositis
1014 711 1120 732 nemo
1152 711 1227 732 non
1258 699 1453 741 intellegit,
1490 711 1600 742 quam
1625 699 1765 731 futtilia
1791 698 1863 730 sint

314 763 404 795 haec
434 763 602 795 Roetteri
635 762 764 794 verba:
801 761 872 802 „At
907 771 1016 802 quam
1049 760 1198 792 tandem
1231 769 1382 791 causam
1415 769 1541 791 veram
1573 759 1674 791 illam
1700 758 1862 790 dicamus

314 821 456 854 fuisse?
484 822 522 864 (l.
550 832 579 856 s,
606 832 640 863 p.
667 821 703 863 9)
738 821 789 852 At
814 819 845 851 si
871 830 945 851 non
972 818 1104 851 habuit
1131 818 1246 859 Syrus
1273 829 1339 850 1190
1365 828 1491 850 veram
1518 828 1666 850 causan]
1694 827 1760 850 nec
1779 827 1862 848 con-

314 881 439 914 silium
465 881 554 912 satis
589 880 746 918 firmum,
779 878 859 910 fieri
885 888 958 910 non
985 877 1107 920 potuit
1133 884 1175 909 ut
1201 887 1276 909 non
1302 877 1456 909 haberet
1482 883 1547 909 aut
1573 876 1764 909 videretur
1792 876 1862 908 sibi

313 942 449 973 habere
475 945 673 980 utrumque
700 938 738 978 (l.
765 948 793 970 5.
820 948 854 979 p.
883 937 977 978 10)“.
1027 935 1179 968 Minime
1204 946 1291 967 vero
1319 946 1363 968 ex
1389 935 1473 977 Syri
1499 936 1633 976 verbis,
1661 946 1754 977 quae
1781 946 1863 967 cum

315 999 480 1031 moribus
508 998 586 1030 eius
614 1007 777 1028 summae
805 996 980 1028 audaciae
1008 1001 1120 1037 atque
1146 995 1365 1027 insolentiae
1392 994 1510 1037 plenis
1537 994 1684 1036 egregie
1711 1005 1862 1027 consen-

314 1059 424 1098 tiunt,
453 1068 535 1089 eum
562 1055 710 1088 omnino
744 1054 941 1087 consilium
976 1055 1119 1086 nullum
1145 1054 1182 1085 in
1208 1061 1383 1096 promptu
1408 1055 1544 1086 habere
1572 1054 1863 1085 concludendum

317 1124 383 1149 est.
422 1116 517 1148 Nam
543 1114 599 1146 his
626 1113 888 1155 locutionibus,
917 1124 1010 1155 quae
1036 1113 1136 1145 haud
1161 1112 1213 1145 ita
1238 1124 1322 1145 raro
1342 1118 1552 1153 occurrunt,
1580 1118 1711 1154 poetae
1738 1119 1862 1155 aperte

317 1175 447 1215 vitant,
474 1185 518 1206 ne
545 1173 728 1206 narrando
756 1183 814 1205 res
833 1173 991 1214 prodant
1019 1183 1091 1214 eas,
1120 1183 1212 1213 quas
1239 1172 1384 1204 actione
1410 1172 1499 1214 ipsa‘
1518 1173 1586 1204 sub
1614 1177 1879 1214 spectatorunr

315 1235 441 1266 oculos
468 1237 555 1265 sunt
581 1231 797 1265 subiecturi.
836 1231 1012 1273 Legimus
1038 1232 1142 1263 velut
1165 1231 1300 1264 Pseud.
1327 1231 1394 1263 38?
1422 1242 1475 1272 sq.
1518 1230 1636 1270 „Cedo
1656 1230 1757 1271 mihi,
1776 1229 1862 1271 quid

313 1304 350 1325 es
377 1292 567 1324 facturus?
610 1330 611 1334 Ἰ
637 1291 807 1334 Temperi
834 1301 902 1331 ego
929 1290 1014 1322 faxo
1042 1290 1147 1322 scies.
1172 1296 1175 1322 1
1198 1290 1294 1322 Nolo
1320 1290 1377 1322 bis
1403 1289 1541 1330 iterari,
1570 1295 1627 1321 sat
1654 1289 1706 1321 sic
1731 1290 1863 1330 longae

312 1352 405 1383 fiunt
430 1351 614 1391 fabulae*⁷
642 1337 776 1382 B'acch.
797 1350 864 1382 749
892 1360 944 1391 sq.
976 1348 1172 1390 ,obsec-ro,
1202 1348 1290 1390 quid
1316 1348 1397 1380 istis
1427 1348 1472 1380 ad
1497 1347 1620 1380 istunc
1647 1354 1754 1379 usust
1780 1358 1863 1379 0011-
1893 1351 1897 1354 ”

313 1409 460 1452 scriptis
487 1409 661 1441 modum?
693 1419 706 1453 3,
731 1408 827 1448 Quia
844 1408 893 1440 mi
911 1408 964 1440 ita
989 1409 1127 1448 lubet“,
1154 1408 1231 1441 Mil.
1258 1408 1326 1440 809
1348 1418 1400 1448 sq.
1431 1407 1524 1448 „Sed
1550 1407 1638 1449 quid
1655 1406 1864 1438 meminisse

311 1470 347 1500 id
374 1469 497 1510 refert,
523 1479 614 1506 rogo
643 1479 711 1509 ego
733 1474 769 1500 te
795 1468 942 1500 tamen?
973 1466 974 1501 ἶ
1017 1467 1094 1506 Ego
1123 1466 1218 1499 enim
1245 1466 1363 1498 dicam
1390 1472 1480 1507 tum,
1507 1466 1654 1508 quando
1672 1476 1763 1498 usus
1781 1476 1864 1507 pos-

312 1530 404 1568 cet*⁷
431 1528 514 1559 And
541 1528 607 1559 705
635 1538 686 1569 sq.
718 1527 837 1567 „Quid
864 1526 1003 1559 facies?
1078 1526 1166 1558 Dies
1199 1525 1257 1558 1110
1284 1526 1335 1557 mi
1360 1533 1401 1557 ut
1430 1524 1521 1557 satis
1549 1525 1595 1556 sit
1622 1535 1750 1557 vereor
1773 1525 1777 1566 Ι
1819 1525 1862 1556 ad

311 1587 506 1626 agendum,
534 1597 577 1618 ne
605 1587 775 1618 vocivom
800 1596 857 1617 me
884 1596 981 1617 1111110
1009 1586 1054 1617 ad
1080 1585 1306 1617 narrandum
1332 1584 1490 1616 credasf·

430 1646 458 1688 2)
486 1645 645 1682 Magnae
685 1655 772 1677 sane
811 1655 919 1676 curae
952 1650 1083 1686 poetae
1116 1651 1171 1675 est
1199 1644 1462 1683 demonstrare,
1496 1643 1680 1685 quomodo
1714 1643 1788 1683 fiat,
1824 1650 1862 1674 ut

312 1705 485 1747 Clitipho,
525 1715 750 1746 quamquam
785 1704 867 1745 Syri
902 1703 1097 1735 consilium
1133 1703 1320 1745 „fabulas“
1355 1713 1434 1734 esse
1473 1702 1571 1742 dicit,
1607 1708 1730 1734 tamen
1767 1713 1862 1734 com-

310 1772 512 1805 moveatur,
546 1770 587 1795 ut
613 1763 798 1795 Bacchide
826 1769 975 1805 recepta
1000 1762 1117 1804 patris
1144 1762 1237 1794 iram
1264 1763 1406 1794 subeat.
1457 1762 1589 1803 Itaque
1617 1761 1756 1793 nullius
1778 1770 1864 1793 sunt

311 1823 489 1855 momenti
514 1822 816 1855 Herrmanowski
842 1822 864 1855 l.
892 1832 919 1855 5.
947 1833 980 1864 p.
1004 1822 1046 1852 :25
1061 1822 1175 1853 verba
1200 1822 1307 1853 haec:
1339 1822 1414 1860 ,Ac
1440 1819 1705 1853 contaminanti
1734 1826 1862 1862 poetae

311 1882 438 1914 dubito
467 1894 512 1914 an
538 1882 606 1915 hoc
637 1892 783 1924 quoque
803 1881 935 1913 vitium
961 1881 1122 1913 dandum
1149 1881 1207 1921 sit.
1235 1881 1334 1923 quod
1361 1880 1445 1922 Syri
1471 1880 1667 1912 consilium
1694 1879 1862 1921 quamvis

311 1941 442 1982 audax,
458 1942 669 1988 obscurum,
688 1941 831 1973 ratione
850 1951 1002 1983 prorsus
1025 1951 1136 1981 egens
1157 1941 1202 1972 ab
1223 1949 1381 1981 utroque.
1396 1939 1630 1972 adulescente
1649 1940 1859 1981 probatur.“

310 2001 370 2042 (cf.
398 2012 430 2043 p.
458 2001 478 2031 9
506 2011 563 2034 an.
592 2001 637 2041 3).
688 2000 842 2032 Rectius
876 2000 974 2032 1111110
1007 2005 1129 2031 totum
1161 2000 1282 2031 locum
1318 1999 1477 2031 Siessius
1511 1999 1533 2032 1.
1566 2009 1593 2030 s.
1629 2009 1662 2040 p.
1689 1998 1754 2030 261
1783 2008 1862 2040 per-

311 2059 441 2101 spexit,
469 2060 573 2092 0111115
593 2060 704 2091 verba
730 2059 840 2091 liceat
860 2059 1009 2093 afferre:
1039 2058 1249 2099 „wahrend
1275 2059 1400 2090 Davos
1419 2058 1457 2089 in
1484 2058 1547 2090 der
1566 2057 1706 2089 Andria
1725 2057 1862 2089 seinem

306 2119 451 2161 jungeri
476 2119 598 2150 Herm
617 2129 687 2150 nur
704 2119 834 2150 darum
860 2118 957 2159 hilst,
984 2117 1067 2150 weil
1093 2128 1132 2150 er
1150 2118 1279 2150 dessen
1297 2117 1555 2158 Lebensgluck
1573 2116 1730 2148 bedroht
1755 2115 1862 2156 sieht‚

311 2178 477 2209 verfflhrt
504 2178 618 2218 Syrus
647 2177 771 2209 seinen
798 2177 974 2209 fruheren
999 2177 1160 2218 Zogling
1187 2177 1301 2209 selbst
1329 2188 1375 2208 zu
1401 2177 1482 2208 dem
1501 2177 1616 2208 tollen
1635 2175 1778 2207 Streich
1796 2175 1861 2206 mit

311 2237 373 2268 der
399 2237 536 2269 Hetare
564 2237 639 2267 und
666 2236 772 2268 weiss
799 2236 874 2273 11111,
903 2236 957 2267 als
984 2246 1023 2267 er
1049 2241 1189 2277 zogert,
1217 2235 1409 2276 geschickt
1436 2246 1482 2267 zu
1507 2236 1693 2276 bewegen,
1722 2234 1805 2266 dass
1823 2244 1861 2265 er

310 2296 404 2327 doch
437 2295 571 2327 darauf
602 2295 786 2336 eingeht&
840 2294 1051 2326 Memoratu
1085 2300 1209 2326 autem
1235 2294 1497 2335 dignissimum
1524 2301 1592 2335 est,
1621 2293 1719 2335 quod
1746 2294 1861 2334 Syrus

310 2359 418 2386 vetus
444 2354 506 2386 ille
534 2353 756 2396 Clitiphonis
789 2353 1032 2396 paedagogus
1059 2363 1183 2385 coram
1211 2352 1403 2385 Chremete
1431 2363 1574 2394 semper
1606 2352 1657 2384 ita
1690 2362 1727 2384 se
1754 2351 1861 2393 gerit,

310 2413 417 2455 quasi
431 2412 571 2455 optima
585 2412 660 2444 filio
676 2418 873 2454 praecepta
889 2411 960 2445 det.
979 2411 1079 2443 Dicit
1093 2411 1205 2444 enim:
1225 2411 1361 2454 „Spero
1380 2412 1502 2443 hercle
1521 2421 1589 2451 ego
1605 2421 1751 2452 quoque
1770 2410 1860 2451 (scil.

310 2483 394 2504 eum
411 2472 449 2504 in
469 2471 585 2514 ipsius
604 2479 747 2514 patrem
775 2471 901 2502 dolum
927 2481 1001 2502 non
1020 2481 1100 2502 esse
1127 2471 1404 2513 suscepturum)
1432 2480 1551 2511 neque
1578 2480 1620 2501 eo
1641 2469 1734 2510 dico,
1763 2469 1860 2511 quod

311 2531 508 2573 quicquam
534 2531 640 2562 illum
660 2530 836 2562 senserim
856 2530 940 2571 (553
960 2533 1065 2571 sq.)‘·‘‚
1094 2529 1291 2572 „Clitith
1318 2530 1408 2561 haec
1427 2539 1496 2570 ego
1515 2528 1702 2571 praecipio
1721 2528 1813 2560 tibi?
1837 2533 1840 2569 Ι

309 2589 479 2622 Hominis
514 2589 614 2631 frugi
649 2594 685 2621 et
720 2588 961 2631 temperantis
996 2589 1147 2620 functus
1181 2599 1218 2620 es
1252 2588 1415 2620 officium
1442 2589 1525 2630 (579
1553 2588 1668 2630 sq.)?“
1726 2587 1860 2630 „Atqui

310 2660 418 2689 nunc,
452 2660 522 2689 ere,
553 2649 622 2681 tibi
656 2648 743 2680 istic
776 2647 1030 2680 adservandus
1058 2654 1124 2680 est.
1148 2649 1151 2691 1
1183 2647 1276 2680 Nan]
1303 2646 1393 2679 mihi
1418 2647 1491 2679 iam
1516 2646 1638 2678 minus
1665 2646 1860 2688 minusque

311 2708 541 2750 obtemperat
556 2708 639 2749 (593
654 2711 755 2750 sq.)“.
781 2707 921 2747 Quodsi
936 2707 972 2740 id
986 2706 1215 2749 respicimus,
1226 2706 1325 2749 quod
1340 2702 1715 2747 idem‘poetaLydum
1729 2705 1860 2748 paeda-

310 2777 448 2807 gogum
481 2766 757 2799 severissimum
788 2766 894 2798 illum
931 2766 1157 2799 Bacchidum
1198 2765 1267 2806 (cui
1303 2766 1450 2798 fabulae
1484 2770 1631 2796 constat
1667 2764 1860 2796 Menandri

309 2825 638 2867 Disexapatontem
665 2826 829 2866 subesse,
862 2825 907 2857 cf.
934 2825 1091 2865 Ritschl,
1124 2825 1276 2864 Parerg.
1303 2825 1423 2857 Plaut.
1459 2835 1493 2866 p.
1525 2824 1609 2864 405)
1635 2823 1752 2863 finxit,
1787 2823 1858 2855 iam

311 2889 450 2925 quanta
474 2884 681 2926 petulantia
707 2884 791 2925 Syri
816 2890 940 2926 partes
968 2883 1244 2925 excogitaverit,
1274 2882 1546 2926 apertissimum
1576 2882 1627 2914 fit.
