2030 3266
811 419 1054 495 VITA.

276 662 410 704 Natus
451 673 542 702 sum
585 659 770 702 Oscarus
813 658 976 700 Kohler
1017 658 1060 698 in
1101 658 1194 699 vico
1230 658 1538 701 Weiszenborn
1572 671 1701 712 prope

160 736 309 775 urbem
340 732 593 783 Fribergam
639 730 719 771 sito
764 742 798 770 a.
837 729 874 770 d.
907 728 979 770 IV.
1011 728 1105 770 Kal.
1143 728 1265 770 Mart.
1298 730 1395 770 anni
1437 743 1550 781 prox.
1594 741 1701 771 saec.

159 802 398 846 LXXXIII
422 807 541 853 patre
569 800 797 852 Ludovico,
831 804 967 841 matre
989 799 1156 842 Helena
1188 811 1210 841 e
1244 806 1371 851 gente
1395 800 1565 853 Nadler,
1601 812 1702 852 quos

159 875 304 916 ambos
337 873 474 914 adhuc
505 872 617 913 inter
648 871 768 913 vivos
802 882 895 912 esse
928 870 1053 912 valde
1086 870 1260 922 gaudeo.
1324 870 1473 912 Fidem
1506 871 1704 922 profiteor

159 943 462 996 evangelicam.
525 941 637 983 Ludi
668 941 867 983 litterarii
899 940 1327 983 Weiszenbornensis
1370 953 1495 983 cursu
1533 946 1703 993 peracto

160 1027 269 1056 anno
314 1026 428 1065 prox.
471 1025 579 1055 saec.
614 1011 775 1053 XCVII
816 1011 859 1052 in
902 1011 1092 1062 quintum
1134 1010 1356 1063 Gymnasii
1393 1012 1551 1064 Realis,
1595 1012 1704 1063 quod

160 1089 327 1136 vocant,
361 1083 663 1136 Fribergensis
696 1082 886 1124 ordinem
918 1086 1116 1134 receptus
1149 1094 1251 1123 sum.
1305 1082 1388 1124 Sed
1416 1083 1577 1124 duobus
1610 1089 1705 1135 post

160 1155 283 1197 annis
309 1155 352 1195 in
376 1152 657 1206 Gymnasium
679 1152 949 1194 Albertinum
972 1151 1263 1206 Fribergensc
1285 1153 1599 1205 transmigravi,
1633 1153 1704 1195 ubi

160 1226 358 1278 egregios
401 1225 642 1276 magistros,
687 1224 730 1264 in
768 1223 916 1274 primis
951 1223 1246 1275 Olbrichtium,
1285 1224 1355 1274 qui
1392 1236 1503 1265 nunc
1535 1224 1705 1265 scholae

99 1294 101 1297 ’
161 1296 267 1337 reali
290 1294 595 1337 Chemnitiensi
618 1299 803 1346 praeest,
838 1294 995 1345 optime
1018 1293 1069 1335 de
1092 1305 1158 1335 me
1179 1294 1352 1336 meritos
1376 1306 1470 1335 esse
1493 1307 1705 1345 nunquam

161 1366 399 1408 obliviscar.
463 1365 676 1418 Quantum
708 1376 809 1407 vero
842 1365 1019 1406 debeam
1052 1364 1207 1406 rectori
1230 1365 1404 1417 Preusz,
1437 1365 1506 1416 qui
1538 1377 1707 1417 semper

161 1436 313 1478 studiis
356 1436 461 1478 meis
504 1448 684 1477 summa..
709 1428 803 1477 cum
844 1435 1111 1488 benignitate
1152 1435 1278 1488 favit,
1332 1448 1557 1487 numquam
1599 1435 1706 1478 desi-

161 1520 259 1548 nam
302 1506 528 1548 reminisci.
590 1505 702 1547 Vere
741 1506 840 1547 anni
881 1506 920 1546 h.
964 1519 994 1547 s.
1033 1506 1093 1547 IV
1125 1507 1383 1548 maturitatis
1420 1507 1706 1548 testimonium

162 1577 341 1629 adeptus
392 1577 584 1629 Lipsiam
638 1576 852 1628 profectus
906 1589 996 1617 sum
1048 1577 1092 1618 in
1145 1577 1401 1630 philologiae
1444 1577 1706 1628 potissimum

163 1648 304 1689 studia
334 1648 612 1689 incubiturus.
674 1647 921 1689 Docuerunt
943 1660 1009 1689 me
1031 1648 1112 1689 viri
1143 1648 1421 1690 illustrissimi
1445 1648 1496 1690 de
1523 1648 1706 1699 Bahder,

162 1719 314 1771 Bothe,
336 1717 662 1770 Brandenburg,
676 1717 938 1770 Brugmann,
959 1718 1115 1768 Cohen,
1135 1718 1449 1771 Gardthausen,
1466 1719 1520 1759 M.
1532 1718 1705 1769 Heinze,

162 1790 212 1831 R.
245 1789 422 1840 Heinze,
464 1788 692 1840 Hofmann,
732 1789 946 1841 Immisch,
990 1789 1251 1840 Jungmann,
1290 1789 1484 1841 Koester,
1525 1789 1706 1840 Lipsius,

164 1859 299 1911 Marx,
338 1859 503 1909 Schulz,
545 1858 729 1906 Sievers,
770 1858 1043 1912 Studniczka,
1083 1859 1271 1911 Volkelt,
1312 1859 1589 1902 Wachsmuth
1630 1856 1706 1913 (†')‚

167 1930 439 1981 Witkowski,
474 1929 647 1970 Wundt.
709 1930 996 1971 Proseminari
1027 1930 1231 1982 philologi
1263 1943 1340 1982 per
1372 1931 1453 1972 tria
1486 1930 1709 1972 semestria

164 2000 322 2042 sodalis
355 2000 415 2040 fui
447 2000 649 2051 auspiciis
670 2000 917 2052 Immischii‚
950 2001 1167 2042 seminarii
1200 2001 1516 2044 moderantibus
1541 2000 1707 2051 Bethio,

165 2070 213 2112 R.
246 2071 438 2122 Heinzio,
472 2070 633 2122 Lipsio‚
677 2070 838 2112 Marxio
877 2083 953 2122 per
983 2071 1096 2113 idem
1134 2072 1330 2123 spatium.
1392 2072 1459 2113 Ad
1492 2070 1709 2113 Germani·

165 2154 259 2182 cum
283 2141 555 2182 seminarium
583 2141 767 2193 benigne
793 2141 952 2183 aditum
978 2142 1081 2183 mihi
1103 2142 1308 2193 patefecit
1334 2142 1517 2194 Sievers,
1549 2142 1600 2183 ad
1620 2154 1708 2192 pro-

167 2211 395 2252 seminaria
408 2210 664 2253 Germanica
679 2211 730 2253 de
747 2212 932 2265 Bahder,
952 2212 1147 2264 Koester,
1162 2212 1347 2265 Sievers,
1367 2213 1418 2254 ad
1437 2212 1709 2254 seminarium

169 2281 502 2333 paedagogicum
524 2282 784 2335 Jungmann,
818 2283 869 2324 ad
903 2283 1255 2334 proseminarium
1289 2283 1497 2326 Graecum
1528 2282 1709 2324 Martini.

171 2353 399 2393 Praeterea
454 2364 521 2393 me
568 2352 832 2395 admiserunt
885 2353 938 2394 ad
989 2354 1317 2396 exercitationes
1369 2353 1710 2405 archaeologicas

169 2422 396 2464 Schreiber
440 2429 483 2464 et
522 2422 794 2475 Studniczka,
839 2423 891 2464 ad
936 2424 1135 2466 metrica-s
1174 2425 1308 2477 Marx,
1347 2424 1399 2466 ad
1434 2424 1711 2466 Germanicas

169 2493 289 2544 Holz,
323 2493 375 2534 ad
400 2493 741 2546 Francogallicas
765 2494 920 2547 Cohen‚
954 2495 1006 2536 ad
1036 2507 1121 2544 eas,
1156 2508 1258 2546 quas
1292 2495 1344 2536 de
1366 2494 1711 2545 inscriptionibus

169 2563 332 2604 Latinis
363 2563 564 2616 instituit,
597 2563 707 2605 Hirt.

286 2632 448 2686 Quibus
493 2635 838 2685 praeceptoribus
882 2635 1074 2677 omnibus
1119 2636 1325 2676 maximas
1363 2636 1498 2676 habeo
1537 2634 1710 2686 gratias.

169 2704 403 2755 Praecipue
435 2716 536 2746 vero
567 2705 795 2747 Ricardum
828 2706 1004 2757 Heinze,
1039 2706 1109 2757 qui
1141 2706 1373 2747 studiorum
1405 2715 1591 2747 meorum
1624 2705 1712 2746 tau·

168 2782 305 2816 torem
347 2775 793 2817 benevolentissimum
837 2782 962 2827 atque
1000 2776 1350 2817 humanissimum
1395 2788 1441 2817 se
1484 2775 1711 2828 praestitit,

169 2845 238 2896 plo
270 2857 439 2897 semper
469 2851 675 2898 gratoque
707 2847 846 2889 animo
879 2847 1023 2888 colam.
