2030 3266
941 274 1229 314 „42-

314 391 633 444 propagandum
651 403 746 434 esse
769 391 1023 444 institutum,
1048 391 1312 443 expositione
1335 391 1429 442 ipsa
1451 391 1556 432 satis
1579 389 1857 431 confirmatur.

312 461 464 504 Restat
490 462 633 514 igitur,
668 467 712 504 ut
738 474 1004 514 quaeramus,
1037 474 1135 503 num
1157 462 1270 503 idem
1293 474 1386 503 cum
1410 460 1572 503 (liniae
1605 472 1746 502 amore
1768 460 1859 511 ipso

313 533 451 583 priore
482 532 653 574 fabulae
685 539 807 584 parte
840 533 1128 574 demonstrato
1161 539 1378 585 congruat.

430 603 607 645 Constat
650 609 792 645 autem
835 602 1015 644 Cliniam
1064 608 1292 654 propterea
1340 615 1391 644 ex
1440 602 1577 654 patria
1624 601 1665 642 in
1714 601 1859 641 Asiam

314 673 470 726 abisse,
519 674 646 724 quod,
692 678 738 714 ut
790 686 883 715 eum
937 673 1072 725 patris
1125 673 1353 724 opprobria
1394 672 1508 714 ferre
1550 672 1631 713 iam
1674 671 1859 713 noluisse

313 744 569 796 omittamuS,
614 757 637 785 a
680 756 726 785 se
776 744 1007 795 impetrare
1052 755 1134 783 non
1183 743 1330 794 potuit,
1381 747 1425 783 ut
1470 747 1591 795 patre
1638 741 1860 794 flagitante

311 815 489 857 amicam
531 815 761 856 abdicaret.
832 813 984 864 Itaque
1029 825 1121 854 cum
1164 818 1448 865 exspectetur,
1494 813 1536 854 id
1581 813 1689 864 quod
1729 812 1775 853 fit
1817 813 1859 852 in

311 885 455 926 fabula
484 885 756 936 Terentiana,
790 888 836 925 ut
868 884 1120 925 adulescens
1152 896 1233 924 non
1267 884 1415 935 patris,
1450 883 1525 925 sed
1558 884 1718 924 amicae
1753 882 1860 924 (lesi-

311 956 427 997 derio
466 960 696 997 commotus
737 955 779 995 in
818 955 999 1006 patriam
1039 954 1201 1005 redeat,
1245 966 1366 995 nemo
1405 966 1484 995 non
1526 954 1718 995 censebit
1751 966 1859 1006 eum,

310 1032 533 1078 postquam
567 1038 589 1067 e
622 1038 732 1067 nave
755 1025 826 1066 vix
858 1037 1058 1078 egressus
1081 1024 1150 1076 sit,
1185 1024 1329 1066 statim
1362 1024 1538 1066 amicam
1567 1024 1795 1066 salutatum
1818 1025 1858 1064 in

310 1099 457 1139 urbem
499 1108 593 1138 esse
626 1102 935 1147 contenturum,
979 1095 1132 1137 deinde
1171 1102 1242 1137 aut
1280 1095 1333 1136 ad
1371 1099 1536 1146 patrem
1576 1107 1859 1146 reversurum,

310 1175 383 1209 aut
414 1172 515 1209 tunc
547 1167 673 1209 etiam
707 1168 813 1208 iram
836 1167 927 1209 eius
960 1166 1085 1207 nimis
1110 1166 1291 1207 veritum
1325 1178 1470 1207 rursus
1505 1178 1527 1207 e
1550 1166 1689 1217 patria
1722 1177 1859 1207 cessu-

310 1251 413 1279 rum.
476 1238 634 1280 Tamen
676 1238 902 1279 Terentius
945 1238 1141 1279 iuvenem
1184 1237 1381 1278 reducem
1425 1236 1476 1278 ad
1521 1237 1698 1277 amicam
1742 1236 1860 1277 festi-

311 1314 482 1350 nantem
528 1320 607 1350 non
649 1309 764 1360 facit,
799 1321 879 1359 qua
920 1320 965 1349 re
1004 1313 1175 1359 arrepta
1216 1307 1446 1349 Roetterus
1487 1307 1512 1348 l.
1552 1320 1582 1348 s.
1622 1320 1658 1358 p
1696 1306 1748 1346 18
1788 1319 1860 1357 sq.,
1900 1325 1904 1328 ·

311 1392 403 1420 cum
424 1392 568 1421 veram
591 1379 776 1420 fabulam
797 1379 1112 1430 Menandream,
1133 1391 1256 1430 quam
1281 1384 1414 1430 putat,
1439 1385 1655 1420 restruere
1673 1383 1860 1427 conetur,

311 1463 406 1492 eum
448 1451 591 1491 statim
639 1451 748 1501 patri
794 1449 1035 1501 quaerendo
1082 1462 1253 1501 operam
1304 1449 1474 1490 dantem
1518 1449 1638 1501 facit,
1683 1449 1859 1489 amicam

312 1521 626 1573 neglegentem.
691 1520 774 1562 Sed
813 1533 952 1562 nonne
991 1521 1307 1572 apertissimum
1340 1523 1419 1572 est,
1464 1532 1587 1571 quam
1621 1520 1729 1561 male
1763 1518 1860 1560 adu-

309 1592 512 1634 lescentis
550 1603 651 1633 vere
690 1592 872 1632 amantis
912 1598 1108 1632 naturam
1146 1591 1477 1640 intellexeritlfli
1544 1590 1691 1642 Longe
1735 1591 1860 1631 aliter

311 1663 549 1704 Terentius.
614 1662 693 1703 Hic
737 1662 847 1703 enim
893 1662 1177 1713 Clitiphonem
1221 1661 1396 1712 inducit,
1448 1661 1517 1712 qui
1562 1661 1742 1702 amicum
1790 1661 1859 1702 ad-

310 1733 551 1775 venientem
598 1733 640 1774 in
688 1737 811 1784 portu
851 1739 1086 1784 exspectat.
1148 1733 1215 1773 Ab
1258 1732 1512 1773 amicissimo
1551 1732 1696 1784 igitur,
1742 1732 1859 1773 cuius

311 1808 455 1856 partes
495 1809 651 1855 quanta
690 1804 842 1844 iniuria
876 1803 1103 1845 Roetterus
1137 1803 1353 1855 abiecerit,
1395 1815 1448 1844 ne
1481 1803 1657 1844 verbum
1691 1802 1860 1854 quidem

311 1875 479 1917 adicere
503 1881 681 1926 oportet,
707 1874 844 1915 (i'linia
866 1874 1109 1925 impeditur,
1142 1886 1195 1916 ne
1223 1874 1366 1915 statim
1395 1873 1447 1914 ad
1470 1873 1645 1914 amicam
1670 1873 1859 1915 festinet.

311 1945 500 1997 Accedit,
535 1945 644 1996 quod
678 1946 904 1987 Terentius
939 1945 1221 1996 Clitiphonem
1255 1944 1468 1986 dicentem
1500 1944 1622 1986 facit:
1666 1944 1726 1994 „E
1761 1945 1860 1986 navi

311 2016 602 2068 egredientem
651 2015 748 2057 ilico
796 2014 952 2057 abduxi
998 2016 1050 2056 ad
1098 2028 1245 2057 cenam
1293 2014 1451 2068 (183)‘·‘.
1528 2014 1682 2056 Cen-am
1730 2015 1861 2067 igitur

311 2087 427 2127 illam
472 2087 771 2138 Dionysiacam
816 2087 1095 2137 respiciamus
1144 2098 1320 2128 necesse
1364 2092 1444 2137 est,
1491 2086 1557 2127 cui
1600 2093 1646 2127 ut
1688 2086 1860 2128 intersit

312 2157 476 2199 Cliniae
508 2170 531 2198 a
556 2157 796 2208 (ss‘litiphone
829 2157 987 2208 duplici
1019 2157 1172 2209 gaudio
1205 2162 1247 2200 et
1279 2157 1441 2199 reversi
1473 2157 1595 2198 amici
1629 2162 1669 2198 et
1703 2156 1859 2198 Bacchi

310 2227 511 2269 feriarum
558 2228 669 2269 elato
712 2227 1004 2279 persuadetur„
1051 2240 1143 2269 cum
1192 2228 1441 2278 praesertim
1486 2227 1576 2269 fieri
1620 2228 1764 2279 possit,
1815 2231 1860 2268 ut

310 2299 448 2340 amica
475 2311 551 2349 per
577 2310 724 2339 servos
748 2298 996 2340 adducenda
1018 2298 1111 2349 ipsa
1134 2310 1300 2351 quoque
1323 2298 1484 2339 dierum
1507 2299 1656 2339 horum
1678 2297 1859 2339 festissi-

310 2382 470 2411 morum
508 2369 722 2421 particeps
765 2369 832 2411 sit.
894 2367 975 2411 Sed
1021 2381 1073 2410 ne
1111 2369 1171 2410 ita
1210 2368 1377 2419 quidem
1418 2369 1523 2410 satis
1556 2368 1857 2420 declararetur,

431 2519 457 2563 1)
484 2521 612 2563 Neque
644 2520 783 2553 rectius
819 2532 929 2562 quam
956 2520 1203 2553 adulescentis
1232 2531 1315 2552 vere
1341 2520 1499 2552 amantis
1526 2519 1729 2552 Menedemi
1757 2519 1858 2551 illius

311 2591 390 2613 sese
428 2579 617 2623 punientis
655 2585 826 2612 naturam
865 2579 1061 2622 perspexit.
1118 2578 1334 2611 Arbitratur
1372 2579 1478 2620 enini,
1520 2590 1743 2621 quamquam
1781 2578 1858 2621 ipse

312 2649 459 2681 quoque
497 2639 651 2681 primam
689 2639 838 2671 fabulae
874 2639 1119 2671 Terentianae
1155 2649 1326 2671 scaenam
1351 2638 1569 2680 exemplaris
1596 2637 1728 2670 Graeci
1754 2637 1859 2678 quasi

310 2698 592 2730 fundamentum
630 2704 748 2740 putat,
788 2698 886 2740 apud
924 2697 1168 2730 Menandrum
1200 2708 1283 2730 eum
1315 2708 1443 2730 rursus
1476 2697 1514 2728 in
1540 2696 1732 2739 pristinam
1766 2696 1858 2728 iram

311 2757 495 2798 incidisse,
523 2762 720 2799 postquam
748 2757 967 2799 compererit
993 2756 1109 2789 filium
1134 2757 1255 2799 ipsum
1282 2757 1453 2789 reducem
1472 2766 1595 2788 amore
1618 2756 1682 2787 illo
1710 2755 1780 2787 sibi
1805 2754 1858 2786 in-

310 2815 389 2847 viso
416 2815 544 2848 teneri.
585 2816 655 2848 &ed
686 2816 728 2848 de
749 2816 860 2848 huius
880 2816 976 2849 senis
1001 2816 1165 2848 moribus
1190 2821 1307 2848 totam
1331 2826 1396 2858 per
1412 2815 1576 2847 fabulam
1601 2814 1858 2847 constantibus

311 2874 355 2908 cf.
382 2874 491 2915 Siess,
518 2876 539 2905 1.
569 2885 596 2908 s,
622 2886 655 2917 p.
683 2875 752 2908 244
779 2885 831 2916 sq.
