2030 3266
956 279 1239 321 —20-

326 409 422 439 esse
459 397 670 449 captivam
703 397 884 450 Cariam,
928 410 1051 449 quam
1089 398 1125 438 si
1164 402 1290 451 emat,
1333 398 1510 439 multum
1544 398 1600 439 sit
1629 398 1868 439 lucraturus

324 466 425 517 (608
458 465 587 521 sq.)¹).
625 467 709 510 Sed
732 467 947 520 Chremes,
981 472 1027 509 ut
1058 468 1195 510 vicino
1228 481 1351 520 quam
1383 468 1541 520 optime
1567 467 1867 510 consulendum

326 550 421 581 esse
444 542 604 591 censet,
636 537 746 581 hanc
767 543 911 590 aptam
934 551 1029 582 esse
1051 538 1263 581 fallaciam
1285 544 1416 592 negat
1438 538 1540 592 (610
1562 537 1690 592 sq.)'2).
1735 536 1869 590 Syrus

325 615 466 652 autem
487 609 692 651 fabricam
713 609 915 652 reiectam
937 609 1108 651 minime
1131 610 1246 652 dolet
1267 609 1471 663 (‚,Optata
1492 610 1702 660 loquere.“
1751 609 1867 661 „Non

326 685 393 722 est
424 680 598 732 opus.“),
631 692 726 721 cum
759 680 865 721 satis
887 679 1009 732 parvi
1030 679 1121 722 eius
1143 680 1314 722 intersit
1335 679 1584 722 Menedemo
1607 680 1752 722 decem
1772 679 1869 720 illas

327 751 460 792 minas
483 750 686 795 Bacchidi
708 752 938 801 promissas
969 750 1148 802 eripere,
1183 751 1292 801 quod
1322 750 1465 793 facere
1496 754 1670 792 conatus
1702 749 1871 791 omnino

323 834 406 864 non
445 826 511 863 est
548 821 630 862 nisi
671 820 909 862 Chremetis
949 820 1092 862 verbis
1132 825 1374 862 commotus.
1435 820 1568 862 Immo
1605 820 1759 862 dudum
1799 832 1868 862 ex-

324 893 555 945 cogitatum
586 892 730 944 habet,
765 890 968 942 quomodo
1001 891 1181 934 eundem
1205 891 1344 933 dolum
1365 891 1409 933 in
1430 891 1542 933 hunc
1565 903 1708 933 senem
1731 891 1868 942 ipsum

323 963 518 1005 intendat
549 961 680 1015 (513).
732 960 814 1004 Sed
847 974 941 1003 cum
973 973 1068 1003 eum
1101 961 1342 1014 prolaturus
1374 961 1431 1003 sit
1462 961 1597 1013 (dam
1632 961 1784 1014 scies“,
1817 961 1869 1002 cf.

325 1032 438 1087 673),
481 1033 633 1084 aliquis
672 1036 758 1074 tam
796 1032 1075 1075 vehementer
1111 1032 1279 1075 aedium
1317 1032 1431 1074 fores
1469 1033 1622 1085 aperit,
1660 1036 1706 1073 ut
1738 1044 1869 1074 senex

442 1244 469 1287 ¹)
496 1244 585 1275 Cum
613 1244 683 1276 hoc
716 1244 797 1276 loco
824 1243 983 1276 conferri
1009 1247 1133 1286 potest
1158 1243 1260 1276 Pers.
1287 1244 1355 1275 651
1384 1253 1458 1285 sq.:
1487 1244 1646 1285 „Emam,
1680 1243 1819 1285 opinor.
1850 1242 1864 1285 l

324 1303 443 1335 Etiam
482 1302 636 1346 opinor?
699 1303 848 1335 Summo
881 1312 1016 1344 genere
1055 1313 1135 1335 esse
1167 1302 1347 1344 arbitror3
1383 1303 1387 1345 l
1422 1302 1570 1335 divitias
1614 1307 1656 1334 tu
1693 1313 1736 1334 ex
1775 1301 1869 1333 istac

321 1362 468 1395 facies.“

440 1445 468 1488 2)
494 1444 598 1477 Licet
625 1444 799 1477 Chremes
825 1444 909 1486 Syri
934 1445 1048 1477 verba
1074 1444 1343 1487 comprobaret,
1370 1444 1587 1477 Menedemo
1612 1443 1753 1476 inscius
1782 1453 1865 1476 ean-

323 1505 403 1537 dem
436 1503 626 1536 mulierem
658 1503 832 1545 traderet,
864 1508 1015 1546 propter
1047 1514 1157 1545 quam
1188 1502 1251 1535 ille
1286 1508 1394 1536 antea
1425 1503 1541 1535 filium
1574 1503 1681 1535 domo
1717 1501 1869 1545 expulit,

322 1575 397 1605 qua
423 1574 466 1596 ex
492 1573 531 1595 re
556 1563 638 1605 ipsa
664 1573 811 1605 quoque
836 1562 1043 1604 petulantia
1082 1562 1262 1604 quaedam
1299 1567 1431 1605 poetae
1461 1561 1599 1594 Bacchi
1630 1561 1730 1595 feriis
1758 1561 1869 1602 digna

322 1632 497 1665 apparere
524 1621 681 1655 videtur.
732 1622 872 1654 Tamen
897 1621 989 1654 nihil
1015 1632 1107 1663 esse,
1133 1632 1199 1654 cur
1225 1632 1307 1653 cum
1332 1621 1637 1654 Hermanowskio
1663 1622 1686 1652 1.
1713 1631 1741 1654 s.
1759 1631 1793 1663 p.
1812 1621 1868 1662 27,

323 1681 385 1723 qui
412 1681 668 1714 Menedemum
694 1691 769 1713 non
795 1691 905 1722 quam
931 1680 1178 1722 callidissime,
1205 1680 1270 1713 sed
1295 1691 1405 1722 quam
1426 1679 1613 1713 celerrime
1640 1679 1757 1722 decipi
1776 1680 1869 1712 velle

323 1741 439 1781 affert,
479 1739 589 1772 huius
627 1739 773 1772 consilii
809 1739 1132 1783 reprehensionem
1165 1739 1427 1782 vituperemus,
1460 1738 1767 1771 dilucidissimum
1801 1744 1868 1772 est.

324 1800 497 1832 Chremes
523 1798 619 1832 enim
646 1809 714 1831 sua
738 1803 870 1842 sponte
897 1799 1030 1840 Syrum
1056 1798 1235 1831 fabricam
1260 1798 1298 1831 in
1317 1798 1478 1830 vicinum
1500 1798 1712 1830 struendam
1730 1797 1869 1839 fingere

321 1858 441 1899 iussit,
456 1857 581 1900 itaque
594 1857 667 1890 iam
685 1857 765 1890 iure
777 1857 814 1890 id
830 1857 1025 1890 consilium
1040 1857 1156 1900 reicit,
1176 1858 1272 1900 quod
1287 1857 1319 1890 ei
1333 1857 1455 1889 minus
1470 1858 1602 1899 placet,
1621 1867 1832 1898 novumque
1848 1867 1870 1888 a

322 1928 428 1949 servo
455 1917 576 1960 poscit
602 1916 740 1958 („Quid
767 1916 920 1960 agis?‘⁶).
971 1916 1041 1949 Sed
1068 1917 1167 1959 quod
1193 1916 1341 1949 tandem
1366 1927 1504 1948 novum
1531 1915 1726 1948 consilium
1753 1915 1868 1956 Syrus

321 1976 358 2008 in
386 1976 506 2008 animo
532 1977 678 2017 habeat,
711 1980 822 2018 poeta
846 1975 926 2018 ipse
951 1986 1019 2008 nos
1046 1977 1142 2008 celat
1166 1976 1230 2016 ita,
1256 1980 1298 2007 ut
1325 1986 1366 2008 eo
1392 1975 1472 2017 ipso
1499 1981 1664 2017 tempore
1695 1974 1867 2006 mulieres

321 2035 548 2076 egredientes
587 2034 711 2069 faciat.
760 2035 893 2076 Itaque
931 2034 983 2067 eis
1023 2034 1199 2075 contenti,
1238 2045 1331 2076 quae
1371 2033 1508 2077 scripta
1538 2033 1717 2075 videmus,
1755 2033 1866 2065 huius

321 2093 373 2126 rei
399 2093 647 2126 coniecturam
680 2093 884 2126 mittamus.
934 2094 1028 2126 Nam
1061 2094 1155 2126 tales
1191 2093 1426 2125 coniecturae
1458 2104 1568 2135 quam
1600 2092 1674 2124 sint
1705 2092 1867 2134 fallaces,

322 2163 365 2184 ex
390 2153 447 2184 his
474 2152 658 2193 Legrandi
684 2153 708 2186 l.
745 2164 772 2186 5.
804 2163 838 2195 p.
874 2153 941 2184 352
976 2164 1033 2186 an.
1065 2152 1189 2185 verbis
1223 2152 1479 2194 cognoscitur:
1520 2151 1582 2193 „Si
1620 2151 1786 2184 l'arrivee
1825 2151 1868 2184 de

323 2212 491 2244 Sostrata
517 2211 813 2254 n'interrompait
837 2222 903 2254 pas
930 2211 1149 2253 l'entretien,
1178 2211 1350 2244 Chremes
1376 2211 1549 2244 feindrait
1576 2221 1662 2243 sans
1688 2211 1798 2242 doute
1825 2211 1867 2243 de

321 2281 358 2303 se
385 2271 514 2302 laisser
540 2270 758 2303 convaincre
789 2281 857 2313 par
883 2271 1009 2312 Syrus,
1042 2275 1078 2303 et
1103 2270 1315 2303 finalement
1340 2270 1392 2302 lui
1422 2269 1657 2312 promettrait
1691 2280 1757 2301 son
1784 2280 1867 2301 con-

322 2330 463 2361 cours“.
516 2329 635 2369 Quid?
663 2329 762 2371 quod
780 2329 982 2361 Nencinius
1008 2330 1031 2361 1.
1052 2340 1079 2362 S.
1100 2340 1135 2371 p.
1158 2330 1199 2361 71
1220 2339 1263 2361 ex
1289 2329 1415 2361 eadem
1442 2328 1656 2361 coniectura
1682 2328 1868 2360 concludit

321 2389 525 2431 proximam
564 2399 734 2421 scaenam
765 2392 882 2420 totam
916 2388 1012 2430 apud
1044 2387 1288 2420 Menandrum
1323 2398 1397 2419 non
1425 2390 1556 2428 actam,
1593 2387 1656 2418 sed
1681 2392 1867 2419 narratam

319 2447 462 2480 fuisse?
501 2446 712 2488 Ladewigio
731 2448 753 2480 l.
773 2457 790 2478 s
822 2458 856 2489 p.
879 2447 896 2477 7
917 2446 1012 2478 enim
1038 2446 1272 2489 astipulatur,
1300 2446 1362 2488 qui
1388 2445 1425 2477 in
1451 2445 1560 2477 huius
1586 2456 1741 2478 scaenae
1767 2445 1867 2478 exitu

323 2507 465 2549 aliquid
502 2511 684 2538 resectum
723 2516 803 2538 esse
840 2510 959 2548 putat,
998 2516 1070 2547 quo
1099 2505 1272 2537 Chremes
1303 2505 1382 2548 ipse
1415 2503 1645 2546 Antiphilam
1677 2508 1867 2547 empturus

320 2566 445 2599 fuerit.
494 2566 628 2607 Itaque
663 2576 746 2597 cum
782 2575 904 2605 senex,
939 2564 1001 2606 qui
1027 2564 1221 2607 pecuniam
1254 2565 1392 2597 elatum
1418 2565 1565 2596 domum
1591 2563 1734 2605 abierit,
1767 2564 1867 2596 intus

321 2625 505 2668 captivam
530 2624 631 2656 illam
651 2624 809 2665 Cariam,
837 2634 945 2665 quam
968 2624 1082 2664 Syrus
1109 2623 1252 2665 dixerit,
1280 2634 1385 2656 suam
1405 2633 1485 2655 esse
1505 2623 1618 2655 filiam
1639 2623 1868 2665 compererit,

322 2685 459 2715 factum
485 2693 577 2724 esse,
610 2688 651 2714 ut
678 2682 844 2725 proxima
869 2683 1053 2715 narrando
1087 2693 1169 2715 cum
1196 2682 1468 2725 spectatoribus
1496 2682 1864 2715 communicarentur.

321 2742 391 2774 Sed
417 2741 505 2784 quid
533 2741 736 2775 Chremetis
771 2741 917 2774 intersit
942 2741 1173 2784 Antiphilam
1202 2731 1331 2782 emere,
1371 2752 1453 2774 cuin
1480 2742 1613 2782 Syrum
1646 2752 1711 2783 per
1743 2741 1866 2773 dolum

320 2811 399 2832 eam
425 2800 608 2843 captivam
635 2811 715 2834 esse
741 2801 906 2844 proferre
932 2812 1005 2832 non
1032 2800 1192 2841 ignoret,
1223 2811 1341 2842 neque
1367 2800 1598 2841 Ladewigius
1625 2811 1743 2842 neque
1769 2800 1866 2832 Nen—

320 2858 438 2891 cinius
465 2859 562 2891 dicit.
